Ticker,Date,Time,LTP,BuyPrice,BuyQty,SellPrice,SellQty,LTQ,OpenInterest
FINNIFTY02JAN2420950CE.NFO,02/01/2024,09:17:53,450,457.75,80,459.45,80,240,1280
FINNIFTY02JAN2420950CE.NFO,02/01/2024,09:17:53,450,457.75,80,459.45,80,0,1280
FINNIFTY02JAN2420950CE.NFO,02/01/2024,09:17:53,450,457.75,80,459.45,80,0,1280
FINNIFTY02JAN2420950CE.NFO,02/01/2024,09:17:53,450,457.75,80,459.45,80,0,1280
FINNIFTY02JAN2420950CE.NFO,02/01/2024,09:17:54,450,457,40,458.55,120,0,1280
FINNIFTY02JAN2420950CE.NFO,02/01/2024,09:17:56,450,457.25,80,458.9,80,0,1280
FINNIFTY02JAN2420950CE.NFO,02/01/2024,09:17:57,450,457.7,80,459.3,80,0,1280
FINNIFTY02JAN2420950CE.NFO,02/01/2024,09:17:59,450,457.5,80,459.3,80,0,1280
FINNIFTY02JAN2420950CE.NFO,02/01/2024,09:18:00,450,457.05,80,459,280,0,1280
FINNIFTY02JAN2420950CE.NFO,02/01/2024,09:18:02,450,459.05,280,460.9,160,0,1280
FINNIFTY02JAN2420950CE.NFO,02/01/2024,09:18:04,450,459.85,280,461.4,80,0,1280
FINNIFTY02JAN2420950CE.NFO,02/01/2024,09:18:05,450,459.6,80,461.2,80,0,1280
FINNIFTY02JAN2420950CE.NFO,02/01/2024,09:18:07,450,460.7,120,462.35,80,0,1280
FINNIFTY02JAN2420950CE.NFO,02/01/2024,09:18:09,450,460.2,280,461.85,160,0,1280
FINNIFTY02JAN2420950CE.NFO,02/01/2024,09:18:10,450,459.45,80,461.1,80,0,1280
FINNIFTY02JAN2420950CE.NFO,02/01/2024,09:18:12,450,458.5,160,460.2,80,0,1280
FINNIFTY02JAN2420950CE.NFO,02/01/2024,09:18:14,450,459.45,80,461.05,80,0,1280
FINNIFTY02JAN2420950CE.NFO,02/01/2024,09:18:15,450,458.2,80,460.25,160,0,1280
FINNIFTY02JAN2420950CE.NFO,02/01/2024,09:18:17,450,457.35,80,458.7,80,0,1280
FINNIFTY02JAN2420950CE.NFO,02/01/2024,09:18:19,450,455.6,80,457.1,80,0,1280
FINNIFTY02JAN2420950CE.NFO,02/01/2024,09:18:20,450,453,80,455.55,80,0,1280
FINNIFTY02JAN2420950CE.NFO,02/01/2024,09:18:22,450,455.05,80,456.85,80,0,1280
FINNIFTY02JAN2420950CE.NFO,02/01/2024,09:18:24,450,455.25,80,457.2,120,0,1280
FINNIFTY02JAN2420950CE.NFO,02/01/2024,09:18:25,450,454.15,80,456.6,80,0,1280
FINNIFTY02JAN2420950CE.NFO,02/01/2024,09:18:27,450,455.45,80,457.1,160,0,1280
FINNIFTY02JAN2420950CE.NFO,02/01/2024,09:18:28,450,456.65,80,458.65,80,0,1280
FINNIFTY02JAN2420950CE.NFO,02/01/2024,09:18:30,450,456.5,80,458.2,80,0,1280
FINNIFTY02JAN2420950CE.NFO,02/01/2024,09:18:32,450,456.2,80,458.25,240,0,1280
FINNIFTY02JAN2420950CE.NFO,02/01/2024,09:18:33,450,455.3,80,457.05,80,0,1280
FINNIFTY02JAN2420950CE.NFO,02/01/2024,09:18:35,450,456.15,80,457.85,80,0,1280
FINNIFTY02JAN2420950CE.NFO,02/01/2024,09:18:36,450,456.25,80,458,80,0,1280
FINNIFTY02JAN2420950CE.NFO,02/01/2024,09:18:38,450,457.6,80,459.5,80,0,1280
FINNIFTY02JAN2420950CE.NFO,02/01/2024,09:18:39,450,457.7,80,459.45,80,0,1280
FINNIFTY02JAN2420950CE.NFO,02/01/2024,09:18:41,450,457,40,458.4,80,0,1280
FINNIFTY02JAN2420950CE.NFO,02/01/2024,09:18:43,450,458.05,80,459.65,80,0,1280
FINNIFTY02JAN2420950CE.NFO,02/01/2024,09:18:44,450,459.85,80,461.6,80,0,1280
FINNIFTY02JAN2420950CE.NFO,02/01/2024,09:18:46,450,459.2,80,461,80,0,1280
FINNIFTY02JAN2420950CE.NFO,02/01/2024,09:18:48,450,459.6,80,461.3,80,0,1280
FINNIFTY02JAN2420950CE.NFO,02/01/2024,09:18:49,450,459.95,80,462.1,160,0,1280
FINNIFTY02JAN2420950CE.NFO,02/01/2024,09:18:51,450,460.45,80,462.15,80,0,1280
FINNIFTY02JAN2420950CE.NFO,02/01/2024,09:18:52,450,461.45,80,465,120,0,1280
FINNIFTY02JAN2420950CE.NFO,02/01/2024,09:18:54,450,461.05,80,462.75,80,0,1280
FINNIFTY02JAN2420950CE.NFO,02/01/2024,09:18:56,450,461.35,80,463.25,80,0,1280
FINNIFTY02JAN2420950CE.NFO,02/01/2024,09:18:57,450,457.15,80,461.8,80,0,1280
FINNIFTY02JAN2420950CE.NFO,02/01/2024,09:18:59,450,460.95,80,462.6,80,0,1280
FINNIFTY02JAN2420950CE.NFO,02/01/2024,09:19:01,450,461.4,80,463.1,80,0,1280
FINNIFTY02JAN2420950CE.NFO,02/01/2024,09:19:02,450,461.6,80,463.9,120,0,1280
FINNIFTY02JAN2420950CE.NFO,02/01/2024,09:19:04,450,460.45,80,462.3,80,0,1280
FINNIFTY02JAN2420950CE.NFO,02/01/2024,09:19:05,450,460.85,80,462.65,160,0,1280
FINNIFTY02JAN2420950CE.NFO,02/01/2024,09:19:07,450,461.9,80,463.6,120,0,1280
FINNIFTY02JAN2420950CE.NFO,02/01/2024,09:19:09,450,460.45,160,462.3,80,0,1280
FINNIFTY02JAN2420950CE.NFO,02/01/2024,09:19:10,450,461.4,80,463.05,80,0,1280
FINNIFTY02JAN2420950CE.NFO,02/01/2024,09:19:12,450,463.35,80,464.75,160,0,1280
FINNIFTY02JAN2420950CE.NFO,02/01/2024,09:19:13,450,464.2,80,465.65,80,0,1280
FINNIFTY02JAN2420950CE.NFO,02/01/2024,09:19:15,450,465.55,80,467.5,80,0,1280
FINNIFTY02JAN2420950CE.NFO,02/01/2024,09:19:17,450,464.4,80,466.4,80,0,1280
FINNIFTY02JAN2420950CE.NFO,02/01/2024,09:19:18,450,465.15,80,467.35,40,0,1280
FINNIFTY02JAN2420950CE.NFO,02/01/2024,09:19:20,450,465.6,80,467.2,80,0,1280
FINNIFTY02JAN2420950CE.NFO,02/01/2024,09:19:22,450,463.85,80,465.75,160,0,1280
FINNIFTY02JAN2420950CE.NFO,02/01/2024,09:19:23,450,462.3,280,464.25,80,0,1280
FINNIFTY02JAN2420950CE.NFO,02/01/2024,09:19:25,450,462.4,80,464.2,80,0,1280
FINNIFTY02JAN2420950CE.NFO,02/01/2024,09:19:26,450,462.2,80,463.85,80,0,1280
FINNIFTY02JAN2420950CE.NFO,02/01/2024,09:19:28,450,462.15,80,463.7,80,0,1280
FINNIFTY02JAN2420950CE.NFO,02/01/2024,09:19:30,450,462.85,80,464.65,80,0,1280
FINNIFTY02JAN2420950CE.NFO,02/01/2024,09:19:31,450,463.05,120,464.85,80,0,1280
FINNIFTY02JAN2420950CE.NFO,02/01/2024,09:19:33,450,463.55,80,465.05,80,0,1280
FINNIFTY02JAN2420950CE.NFO,02/01/2024,09:19:35,450,465.35,80,466.9,80,0,1280
FINNIFTY02JAN2420950CE.NFO,02/01/2024,09:19:36,450,464.6,120,466.55,120,0,1280
FINNIFTY02JAN2420950CE.NFO,02/01/2024,09:19:38,450,464.2,120,466.3,80,0,1280
FINNIFTY02JAN2420950CE.NFO,02/01/2024,09:19:40,450,463.9,80,465.6,80,0,1280
FINNIFTY02JAN2420950CE.NFO,02/01/2024,09:19:41,450,464.1,80,465.9,80,0,1280
FINNIFTY02JAN2420950CE.NFO,02/01/2024,09:19:43,450,463.5,120,465.2,80,0,1280
FINNIFTY02JAN2420950CE.NFO,02/01/2024,09:19:45,450,463.2,80,464.75,80,0,1280
FINNIFTY02JAN2420950CE.NFO,02/01/2024,09:19:46,450,464.4,80,466.4,40,0,1280
FINNIFTY02JAN2420950CE.NFO,02/01/2024,09:19:48,450,464.95,120,466.65,80,0,1280
FINNIFTY02JAN2420950CE.NFO,02/01/2024,09:19:50,450,465.15,80,466.85,80,0,1280
FINNIFTY02JAN2420950CE.NFO,02/01/2024,09:19:51,450,464,120,465.3,80,0,1280
FINNIFTY02JAN2420950CE.NFO,02/01/2024,09:19:53,450,462.2,80,463.95,80,0,1280
FINNIFTY02JAN2420950CE.NFO,02/01/2024,09:19:55,450,463.05,80,464.75,80,0,1280
FINNIFTY02JAN2420950CE.NFO,02/01/2024,09:19:56,450,461.25,80,463.05,80,0,1280
FINNIFTY02JAN2420950CE.NFO,02/01/2024,09:19:58,450,460.7,160,462.15,80,0,1280
FINNIFTY02JAN2420950CE.NFO,02/01/2024,09:20:00,450,461.05,200,463.1,80,0,1280
FINNIFTY02JAN2420950CE.NFO,02/01/2024,09:20:01,450,460.8,200,462.9,80,0,1280
FINNIFTY02JAN2420950CE.NFO,02/01/2024,09:20:03,450,461.5,40,463.25,80,0,1280
FINNIFTY02JAN2420950CE.NFO,02/01/2024,09:20:05,450,463.05,200,465.05,80,0,1280
FINNIFTY02JAN2420950CE.NFO,02/01/2024,09:20:06,450,463.5,40,465.4,80,0,1280
FINNIFTY02JAN2420950CE.NFO,02/01/2024,09:20:08,450,463.05,120,465,40,0,1280
FINNIFTY02JAN2420950CE.NFO,02/01/2024,09:20:10,450,464.2,40,465.8,40,0,1280
FINNIFTY02JAN2420950CE.NFO,02/01/2024,09:20:11,450,464.65,40,466.4,80,0,1280
FINNIFTY02JAN2420950CE.NFO,02/01/2024,09:20:13,450,464.85,40,466.9,80,0,1280
FINNIFTY02JAN2420950CE.NFO,02/01/2024,09:20:15,450,464.85,40,466.4,80,0,1280
FINNIFTY02JAN2420950CE.NFO,02/01/2024,09:20:16,450,462.1,40,464.35,80,0,1280
FINNIFTY02JAN2420950CE.NFO,02/01/2024,09:20:18,450,462.65,40,464.45,80,0,1280
FINNIFTY02JAN2420950CE.NFO,02/01/2024,09:20:20,450,463.25,240,466.2,40,0,1280
FINNIFTY02JAN2420950CE.NFO,02/01/2024,09:20:21,450,463.4,40,465.1,80,0,1280
FINNIFTY02JAN2420950CE.NFO,02/01/2024,09:20:23,450,462.95,40,464.8,80,0,1280
FINNIFTY02JAN2420950CE.NFO,02/01/2024,09:20:25,450,461.85,120,463.8,80,0,1280
FINNIFTY02JAN2420950CE.NFO,02/01/2024,09:20:26,450,462,40,463.95,80,0,1280
FINNIFTY02JAN2420950CE.NFO,02/01/2024,09:20:28,450,460.95,80,462.95,80,0,1280
FINNIFTY02JAN2420950CE.NFO,02/01/2024,09:20:31,450,461.7,80,463.65,80,0,1280
FINNIFTY02JAN2420950CE.NFO,02/01/2024,09:20:32,450,460.95,40,462.85,40,0,1280
FINNIFTY02JAN2420950CE.NFO,02/01/2024,09:20:34,450,460.85,80,462.8,80,0,1280
FINNIFTY02JAN2420950CE.NFO,02/01/2024,09:20:36,450,461.15,240,463.2,80,0,1280
FINNIFTY02JAN2420950CE.NFO,02/01/2024,09:20:38,450,460.35,120,462.05,80,0,1280
FINNIFTY02JAN2420950CE.NFO,02/01/2024,09:20:39,450,460.45,120,462.5,80,0,1280
FINNIFTY02JAN2420950CE.NFO,02/01/2024,09:20:41,450,461.9,40,463.7,80,0,1280
FINNIFTY02JAN2420950CE.NFO,02/01/2024,09:20:43,450,461.5,40,463.65,200,0,1280
FINNIFTY02JAN2420950CE.NFO,02/01/2024,09:20:44,450,462.6,40,467.75,80,0,1280
FINNIFTY02JAN2420950CE.NFO,02/01/2024,09:20:46,450,463.65,40,465.45,40,0,1280
FINNIFTY02JAN2420950CE.NFO,02/01/2024,09:20:48,450,464,80,465.85,40,0,1280
FINNIFTY02JAN2420950CE.NFO,02/01/2024,09:20:49,450,464,200,466.05,80,0,1280
FINNIFTY02JAN2420950CE.NFO,02/01/2024,09:20:51,450,464.05,40,466.05,80,0,1280
FINNIFTY02JAN2420950CE.NFO,02/01/2024,09:20:53,450,465.25,120,467.3,80,0,1280
FINNIFTY02JAN2420950CE.NFO,02/01/2024,09:20:54,450,464.85,40,466.6,120,0,1280
FINNIFTY02JAN2420950CE.NFO,02/01/2024,09:20:56,450,464.65,40,466.5,80,0,1280
FINNIFTY02JAN2420950CE.NFO,02/01/2024,09:20:58,450,463.45,200,465.45,80,0,1280
FINNIFTY02JAN2420950CE.NFO,02/01/2024,09:20:59,450,463.4,40,465.05,40,0,1280
FINNIFTY02JAN2420950CE.NFO,02/01/2024,09:21:01,450,463.9,80,465.85,80,0,1280
FINNIFTY02JAN2420950CE.NFO,02/01/2024,09:21:03,450,463.5,80,465.75,80,0,1280
FINNIFTY02JAN2420950CE.NFO,02/01/2024,09:21:04,450,465.55,120,469.55,80,0,1280
FINNIFTY02JAN2420950CE.NFO,02/01/2024,09:21:06,450,468.8,1200,472.15,1200,0,1280
FINNIFTY02JAN2420950CE.NFO,02/01/2024,09:21:08,450,470.35,160,473.45,680,0,1280
FINNIFTY02JAN2420950CE.NFO,02/01/2024,09:21:09,450,470.05,40,472.35,240,0,1280
FINNIFTY02JAN2420950CE.NFO,02/01/2024,09:21:11,450,472.9,40,474.85,80,0,1280
FINNIFTY02JAN2420950CE.NFO,02/01/2024,09:21:13,450,471.95,200,474.1,40,0,1280
FINNIFTY02JAN2420950CE.NFO,02/01/2024,09:21:14,450,471.05,40,473.55,80,0,1280
FINNIFTY02JAN2420950CE.NFO,02/01/2024,09:21:16,450,468.85,120,471.25,120,0,1280
FINNIFTY02JAN2420950CE.NFO,02/01/2024,09:21:18,450,469.7,240,471.95,80,0,1280
FINNIFTY02JAN2420950CE.NFO,02/01/2024,09:21:19,450,470.25,200,472.35,80,0,1280
FINNIFTY02JAN2420950CE.NFO,02/01/2024,09:21:21,470.15,470.75,200,472.4,40,40,1280
FINNIFTY02JAN2420950CE.NFO,02/01/2024,09:21:21,470.15,470.75,200,472.4,40,0,1280
FINNIFTY02JAN2420950CE.NFO,02/01/2024,09:21:23,470.15,471.6,200,473.35,80,0,1280
FINNIFTY02JAN2420950CE.NFO,02/01/2024,09:21:24,470.15,471.9,40,473.85,40,0,1280
FINNIFTY02JAN2420950CE.NFO,02/01/2024,09:21:26,470.15,473.85,40,476.2,80,0,1280
FINNIFTY02JAN2420950CE.NFO,02/01/2024,09:21:28,479.5,480.95,120,481.65,40,80,1280
FINNIFTY02JAN2420950CE.NFO,02/01/2024,09:21:28,479.5,480.95,120,481.65,40,0,1280
FINNIFTY02JAN2420950CE.NFO,02/01/2024,09:21:29,481.9,476.7,400,478.8,40,120,1280
FINNIFTY02JAN2420950CE.NFO,02/01/2024,09:21:29,481.9,476.7,400,478.8,40,0,1280
FINNIFTY02JAN2420950CE.NFO,02/01/2024,09:21:31,481.9,476.4,80,478.9,40,0,1280
FINNIFTY02JAN2420950CE.NFO,02/01/2024,09:21:33,481.9,478.3,200,480.45,200,0,1280
FINNIFTY02JAN2420950CE.NFO,02/01/2024,09:21:34,481.9,478,120,479.9,200,0,1280
FINNIFTY02JAN2420950CE.NFO,02/01/2024,09:21:36,481.9,476.35,80,477.75,80,0,1280
FINNIFTY02JAN2420950CE.NFO,02/01/2024,09:21:38,481.9,476.25,40,477.8,40,0,1280
FINNIFTY02JAN2420950CE.NFO,02/01/2024,09:21:39,481.9,475.75,40,477.3,80,0,1280
FINNIFTY02JAN2420950CE.NFO,02/01/2024,09:21:41,481.9,475.45,40,477.1,120,0,1280
FINNIFTY02JAN2420950CE.NFO,02/01/2024,09:21:43,481.9,473.75,120,475.8,640,0,1280
FINNIFTY02JAN2420950CE.NFO,02/01/2024,09:21:44,481.9,474.05,40,476,40,0,1280
FINNIFTY02JAN2420950CE.NFO,02/01/2024,09:21:46,481.9,474.25,40,476.3,40,0,1280
FINNIFTY02JAN2420950CE.NFO,02/01/2024,09:21:48,481.9,474.15,80,475.85,200,0,1280
FINNIFTY02JAN2420950CE.NFO,02/01/2024,09:21:49,481.9,474.15,80,475.9,80,0,1280
FINNIFTY02JAN2420950CE.NFO,02/01/2024,09:21:51,481.9,474.2,40,475.6,40,0,1280
FINNIFTY02JAN2420950CE.NFO,02/01/2024,09:21:53,475.75,474.45,40,475.8,80,40,1280
FINNIFTY02JAN2420950CE.NFO,02/01/2024,09:21:54,475.75,474.35,40,476.05,240,0,1280
FINNIFTY02JAN2420950CE.NFO,02/01/2024,09:21:56,475.75,474.9,40,476.8,80,0,1280
FINNIFTY02JAN2420950CE.NFO,02/01/2024,09:21:58,475.75,476.3,40,477.85,560,0,1280
FINNIFTY02JAN2420950CE.NFO,02/01/2024,09:21:59,475.75,476.4,80,478.6,40,0,1280
FINNIFTY02JAN2420950CE.NFO,02/01/2024,09:22:01,475.75,475.25,280,477.35,200,0,1280
FINNIFTY02JAN2420950CE.NFO,02/01/2024,09:22:03,475.75,475.85,40,477.7,440,0,1280
FINNIFTY02JAN2420950CE.NFO,02/01/2024,09:22:04,475.75,475.55,40,477.25,80,0,1280
FINNIFTY02JAN2420950CE.NFO,02/01/2024,09:22:06,475.75,474.95,120,476.85,120,0,1280
FINNIFTY02JAN2420950CE.NFO,02/01/2024,09:22:08,475.75,473.95,40,475.9,80,0,1280
FINNIFTY02JAN2420950CE.NFO,02/01/2024,09:22:09,475.75,474,40,475.95,200,0,1280
FINNIFTY02JAN2420950CE.NFO,02/01/2024,09:22:11,475.75,474.7,200,476.7,560,0,1280
FINNIFTY02JAN2420950CE.NFO,02/01/2024,09:22:13,475.75,474.45,40,476.6,680,0,1280
FINNIFTY02JAN2420950CE.NFO,02/01/2024,09:22:14,475.75,474.55,120,476.45,120,0,1280
FINNIFTY02JAN2420950CE.NFO,02/01/2024,09:22:16,475.75,472.9,120,475.4,120,0,1280
FINNIFTY02JAN2420950CE.NFO,02/01/2024,09:22:18,475.75,472.45,120,474.05,320,0,1280
FINNIFTY02JAN2420950CE.NFO,02/01/2024,09:22:19,475.75,472.95,40,475.25,40,0,1280
FINNIFTY02JAN2420950CE.NFO,02/01/2024,09:22:21,475.75,471.95,80,474,120,0,1280
FINNIFTY02JAN2420950CE.NFO,02/01/2024,09:22:23,475.75,472.1,40,474.05,680,0,1280
FINNIFTY02JAN2420950CE.NFO,02/01/2024,09:22:24,475.75,470.75,200,472.9,40,0,1280
FINNIFTY02JAN2420950CE.NFO,02/01/2024,09:22:26,475.75,470.6,40,472.5,560,0,1280
FINNIFTY02JAN2420950CE.NFO,02/01/2024,09:22:28,475.75,468.75,120,470.95,360,0,1280
FINNIFTY02JAN2420950CE.NFO,02/01/2024,09:22:29,475.75,468.9,40,470.9,360,0,1280
FINNIFTY02JAN2420950CE.NFO,02/01/2024,09:22:31,475.75,469.15,200,470.95,560,0,1280
FINNIFTY02JAN2420950CE.NFO,02/01/2024,09:22:33,475.75,469.25,80,470.65,120,0,1280
FINNIFTY02JAN2420950CE.NFO,02/01/2024,09:22:34,475.75,467.9,40,469.8,40,0,1280
FINNIFTY02JAN2420950CE.NFO,02/01/2024,09:22:36,475.75,466.4,240,468.5,200,0,1280
FINNIFTY02JAN2420950CE.NFO,02/01/2024,09:22:38,475.75,467.25,40,469.4,120,0,1280
FINNIFTY02JAN2420950CE.NFO,02/01/2024,09:22:39,475.75,467.75,40,470.05,7080,0,1280
FINNIFTY02JAN2420950CE.NFO,02/01/2024,09:22:41,475.75,467.8,120,469.4,160,0,1280
FINNIFTY02JAN2420950CE.NFO,02/01/2024,09:22:43,475.75,466.75,320,468.95,1000,0,1280
FINNIFTY02JAN2420950CE.NFO,02/01/2024,09:22:44,475.75,467.45,40,469.35,560,0,1280
FINNIFTY02JAN2420950CE.NFO,02/01/2024,09:22:46,475.75,468.55,1360,471.6,1240,0,1280
FINNIFTY02JAN2420950CE.NFO,02/01/2024,09:22:48,475.75,468.55,120,470.05,80,0,1280
FINNIFTY02JAN2420950CE.NFO,02/01/2024,09:22:49,475.75,467.45,120,469.7,120,0,1280
FINNIFTY02JAN2420950CE.NFO,02/01/2024,09:22:51,475.75,468.9,80,471.45,560,0,1280
FINNIFTY02JAN2420950CE.NFO,02/01/2024,09:22:53,475.75,469.25,80,471.35,160,0,1280
FINNIFTY02JAN2420950CE.NFO,02/01/2024,09:22:55,475.75,468.75,200,470.95,320,0,1280
FINNIFTY02JAN2420950CE.NFO,02/01/2024,09:22:56,475.75,468.95,40,471,200,0,1280
FINNIFTY02JAN2420950CE.NFO,02/01/2024,09:22:58,475.75,470.5,40,472.55,200,0,1280
FINNIFTY02JAN2420950CE.NFO,02/01/2024,09:23:00,475.75,469.85,40,471.95,320,0,1280
FINNIFTY02JAN2420950CE.NFO,02/01/2024,09:23:01,475.75,469.3,160,471.5,160,0,1280
FINNIFTY02JAN2420950CE.NFO,02/01/2024,09:23:03,475.75,469.9,720,472.1,40,0,1280
FINNIFTY02JAN2420950CE.NFO,02/01/2024,09:23:05,475.75,469.8,40,472.3,360,0,1280
FINNIFTY02JAN2420950CE.NFO,02/01/2024,09:23:06,475.75,471.3,40,473.65,360,0,1280
FINNIFTY02JAN2420950CE.NFO,02/01/2024,09:23:08,475.75,473.75,40,475.9,320,0,1280
FINNIFTY02JAN2420950CE.NFO,02/01/2024,09:23:10,475.75,473.8,120,475.45,840,0,1280
FINNIFTY02JAN2420950CE.NFO,02/01/2024,09:23:11,475.75,472.8,120,474.35,120,0,1280
FINNIFTY02JAN2420950CE.NFO,02/01/2024,09:23:13,475.75,472.95,40,475.65,120,0,1280
FINNIFTY02JAN2420950CE.NFO,02/01/2024,09:23:15,475.75,473.35,200,475.35,280,0,1280
FINNIFTY02JAN2420950CE.NFO,02/01/2024,09:23:16,475.75,473.6,40,475.55,240,0,1280
FINNIFTY02JAN2420950CE.NFO,02/01/2024,09:23:18,475.75,473.95,80,476.2,200,0,1280
FINNIFTY02JAN2420950CE.NFO,02/01/2024,09:23:20,475.75,473.25,120,475.35,280,0,1280
FINNIFTY02JAN2420950CE.NFO,02/01/2024,09:23:21,475.75,473.15,200,475.2,400,0,1280
FINNIFTY02JAN2420950CE.NFO,02/01/2024,09:23:23,475.75,473.9,40,475.85,120,0,1280
FINNIFTY02JAN2420950CE.NFO,02/01/2024,09:23:25,475.75,473.95,120,475.75,640,0,1280
FINNIFTY02JAN2420950CE.NFO,02/01/2024,09:23:26,475.75,472.95,80,474.5,240,0,1280
FINNIFTY02JAN2420950CE.NFO,02/01/2024,09:23:28,475.75,472.95,40,474.35,80,0,1280
FINNIFTY02JAN2420950CE.NFO,02/01/2024,09:23:30,475.75,470.95,120,473.05,40,0,1280
FINNIFTY02JAN2420950CE.NFO,02/01/2024,09:23:31,475.75,471.75,120,473.9,40,0,1280
FINNIFTY02JAN2420950CE.NFO,02/01/2024,09:23:33,475.75,473.15,240,475.2,120,0,1280
FINNIFTY02JAN2420950CE.NFO,02/01/2024,09:23:35,475.75,473.25,120,474.7,40,0,1280
FINNIFTY02JAN2420950CE.NFO,02/01/2024,09:23:36,475.75,473.3,80,474.85,200,0,1280
FINNIFTY02JAN2420950CE.NFO,02/01/2024,09:23:38,475.75,474.3,200,477.55,600,0,1280
FINNIFTY02JAN2420950CE.NFO,02/01/2024,09:23:40,475.75,473.85,320,475.9,200,0,1280
FINNIFTY02JAN2420950CE.NFO,02/01/2024,09:23:41,475.75,473.05,40,475.05,240,0,1280
FINNIFTY02JAN2420950CE.NFO,02/01/2024,09:23:43,475.75,472.8,80,474.7,120,0,1280
FINNIFTY02JAN2420950CE.NFO,02/01/2024,09:23:45,475.75,473,40,475.1,360,0,1280
FINNIFTY02JAN2420950CE.NFO,02/01/2024,09:23:46,475.75,473.15,80,474.8,120,0,1280
FINNIFTY02JAN2420950CE.NFO,02/01/2024,09:23:48,475.75,471.15,80,473.15,120,0,1280
FINNIFTY02JAN2420950CE.NFO,02/01/2024,09:23:50,475.75,471.2,240,473.25,160,0,1280
FINNIFTY02JAN2420950CE.NFO,02/01/2024,09:23:51,475.75,471.3,40,473.25,120,0,1280
FINNIFTY02JAN2420950CE.NFO,02/01/2024,09:23:53,475.75,471.9,40,474.05,200,0,1280
FINNIFTY02JAN2420950CE.NFO,02/01/2024,09:23:55,475.75,471.05,240,472.95,120,0,1280
FINNIFTY02JAN2420950CE.NFO,02/01/2024,09:23:56,475.75,470.85,40,472.85,40,0,1280
FINNIFTY02JAN2420950CE.NFO,02/01/2024,09:23:58,475.75,470,80,471.45,80,0,1280
FINNIFTY02JAN2420950CE.NFO,02/01/2024,09:24:00,475.75,468.8,200,470.95,80,0,1280
FINNIFTY02JAN2420950CE.NFO,02/01/2024,09:24:01,475.75,468.9,80,470.25,40,0,1280
FINNIFTY02JAN2420950CE.NFO,02/01/2024,09:24:03,475.75,467.95,40,469.95,120,0,1280
FINNIFTY02JAN2420950CE.NFO,02/01/2024,09:24:05,475.75,469.1,200,471,200,0,1280
FINNIFTY02JAN2420950CE.NFO,02/01/2024,09:24:06,475.75,470.4,80,472.65,240,0,1280
FINNIFTY02JAN2420950CE.NFO,02/01/2024,09:24:08,475.75,469.85,40,471.85,120,0,1280
FINNIFTY02JAN2420950CE.NFO,02/01/2024,09:24:10,475.75,470.1,120,472.1,240,0,1280
FINNIFTY02JAN2420950CE.NFO,02/01/2024,09:24:11,475.75,471,80,473.1,40,0,1280
FINNIFTY02JAN2420950CE.NFO,02/01/2024,09:24:13,475.75,471.35,40,473.4,120,0,1280
FINNIFTY02JAN2420950CE.NFO,02/01/2024,09:24:15,475.75,471.45,40,473.05,480,0,1280
FINNIFTY02JAN2420950CE.NFO,02/01/2024,09:24:16,475.75,470.4,80,471.85,40,0,1280
FINNIFTY02JAN2420950CE.NFO,02/01/2024,09:24:18,475.75,469.65,280,471.65,40,0,1280
FINNIFTY02JAN2420950CE.NFO,02/01/2024,09:24:20,475.75,469.7,80,471.2,80,0,1280
FINNIFTY02JAN2420950CE.NFO,02/01/2024,09:24:21,475.75,468.55,80,470.15,200,0,1280
FINNIFTY02JAN2420950CE.NFO,02/01/2024,09:24:23,475.75,466.65,40,469.05,80,0,1280
FINNIFTY02JAN2420950CE.NFO,02/01/2024,09:24:25,475.75,467.05,120,468.95,120,0,1280
FINNIFTY02JAN2420950CE.NFO,02/01/2024,09:24:26,475.75,467.5,40,469.7,200,0,1280
FINNIFTY02JAN2420950CE.NFO,02/01/2024,09:24:28,475.75,467.4,80,469.4,40,0,1280
FINNIFTY02JAN2420950CE.NFO,02/01/2024,09:24:30,475.75,467.45,160,469.4,120,0,1280
FINNIFTY02JAN2420950CE.NFO,02/01/2024,09:24:31,475.75,467.5,40,469.35,40,0,1280
FINNIFTY02JAN2420950CE.NFO,02/01/2024,09:24:33,475.75,466.8,200,469.05,40,0,1280
FINNIFTY02JAN2420950CE.NFO,02/01/2024,09:24:35,475.75,467.35,40,469.4,320,0,1280
FINNIFTY02JAN2420950CE.NFO,02/01/2024,09:24:36,475.75,468.1,360,471.1,40,0,1280
FINNIFTY02JAN2420950CE.NFO,02/01/2024,09:24:38,475.75,469.35,80,471.3,560,0,1280
FINNIFTY02JAN2420950CE.NFO,02/01/2024,09:24:40,475.75,468.55,120,470.6,40,0,1280
FINNIFTY02JAN2420950CE.NFO,02/01/2024,09:24:41,475.75,469.4,40,471.3,560,0,1280
FINNIFTY02JAN2420950CE.NFO,02/01/2024,09:24:43,475.75,469.25,40,471.25,160,0,1280
FINNIFTY02JAN2420950CE.NFO,02/01/2024,09:24:45,475.75,469.4,80,471.4,400,0,1280
FINNIFTY02JAN2420950CE.NFO,02/01/2024,09:24:46,475.75,469.8,40,471.65,80,0,1280
FINNIFTY02JAN2420950CE.NFO,02/01/2024,09:24:48,475.75,470.2,40,473.6,240,0,1280
FINNIFTY02JAN2420950CE.NFO,02/01/2024,09:24:50,475.75,471.25,160,473.25,440,0,1280
FINNIFTY02JAN2420950CE.NFO,02/01/2024,09:24:51,475.75,471.35,80,472.75,80,0,1280
FINNIFTY02JAN2420950CE.NFO,02/01/2024,09:24:53,475.75,470,40,472.25,120,0,1280
FINNIFTY02JAN2420950CE.NFO,02/01/2024,09:24:55,475.75,469.1,440,471.05,200,0,1280
FINNIFTY02JAN2420950CE.NFO,02/01/2024,09:24:56,475.75,468,120,469.7,40,0,1280
FINNIFTY02JAN2420950CE.NFO,02/01/2024,09:24:58,475.75,468.05,40,469.75,40,0,1280
FINNIFTY02JAN2420950CE.NFO,02/01/2024,09:25:00,475.75,467,40,468.75,120,0,1280
FINNIFTY02JAN2420950CE.NFO,02/01/2024,09:25:01,475.75,466.7,80,468.9,40,0,1280
FINNIFTY02JAN2420950CE.NFO,02/01/2024,09:25:03,475.75,468.5,40,470.8,80,0,1280
FINNIFTY02JAN2420950CE.NFO,02/01/2024,09:25:05,475.75,467.7,80,469.6,160,0,1280
FINNIFTY02JAN2420950CE.NFO,02/01/2024,09:25:06,475.75,467.8,40,469.65,80,0,1280
FINNIFTY02JAN2420950CE.NFO,02/01/2024,09:25:08,475.75,469,40,470.95,40,0,1280
FINNIFTY02JAN2420950CE.NFO,02/01/2024,09:25:10,475.75,468.1,40,470.1,200,0,1280
FINNIFTY02JAN2420950CE.NFO,02/01/2024,09:25:11,475.75,467.15,40,469.15,40,0,1280
FINNIFTY02JAN2420950CE.NFO,02/01/2024,09:25:13,475.75,467.3,40,469.25,200,0,1280
FINNIFTY02JAN2420950CE.NFO,02/01/2024,09:25:15,468.85,467.25,40,469.1,120,40,1320
FINNIFTY02JAN2420950CE.NFO,02/01/2024,09:25:16,468.85,467.25,40,468.9,40,0,1320
FINNIFTY02JAN2420950CE.NFO,02/01/2024,09:25:18,468.85,467.85,40,469.7,40,0,1320
FINNIFTY02JAN2420950CE.NFO,02/01/2024,09:25:20,468.85,467.95,40,469.8,120,0,1320
FINNIFTY02JAN2420950CE.NFO,02/01/2024,09:25:21,468.85,469.05,40,470.9,40,0,1320
FINNIFTY02JAN2420950CE.NFO,02/01/2024,09:25:23,468.85,469.1,80,470.45,160,0,1320
FINNIFTY02JAN2420950CE.NFO,02/01/2024,09:25:25,468.85,469.2,40,470.6,80,0,1320
FINNIFTY02JAN2420950CE.NFO,02/01/2024,09:25:26,468.85,469.7,40,471.3,40,0,1320
FINNIFTY02JAN2420950CE.NFO,02/01/2024,09:25:28,468.85,469.75,120,471.3,120,0,1320
FINNIFTY02JAN2420950CE.NFO,02/01/2024,09:25:30,472.3,470.7,80,472.45,160,40,1320
FINNIFTY02JAN2420950CE.NFO,02/01/2024,09:25:31,472.3,471.1,200,473.05,240,0,1320
FINNIFTY02JAN2420950CE.NFO,02/01/2024,09:25:33,472.3,471.6,160,473.5,80,0,1320
FINNIFTY02JAN2420950CE.NFO,02/01/2024,09:25:35,472.3,472.1,40,474.25,160,0,1320
FINNIFTY02JAN2420950CE.NFO,02/01/2024,09:25:36,472.3,472.7,320,474.7,40,0,1320
FINNIFTY02JAN2420950CE.NFO,02/01/2024,09:25:38,472.3,472.65,40,474.35,40,0,1320
FINNIFTY02JAN2420950CE.NFO,02/01/2024,09:25:40,472.3,471.5,40,472.95,160,0,1320
FINNIFTY02JAN2420950CE.NFO,02/01/2024,09:25:41,472.3,471.75,40,473.65,80,0,1320
FINNIFTY02JAN2420950CE.NFO,02/01/2024,09:25:43,472.3,472.15,40,474.1,200,0,1320
FINNIFTY02JAN2420950CE.NFO,02/01/2024,09:25:45,472.3,471.8,80,473.8,160,0,1320
FINNIFTY02JAN2420950CE.NFO,02/01/2024,09:25:46,472.3,471.15,80,472.85,680,0,1320
FINNIFTY02JAN2420950CE.NFO,02/01/2024,09:25:48,472.3,471.3,40,473.2,40,0,1320
FINNIFTY02JAN2420950CE.NFO,02/01/2024,09:25:50,472.3,470.5,40,472.4,80,0,1320
FINNIFTY02JAN2420950CE.NFO,02/01/2024,09:25:51,472.3,470.65,40,472.45,80,0,1320
FINNIFTY02JAN2420950CE.NFO,02/01/2024,09:25:53,472.3,471,40,473.2,120,0,1320
FINNIFTY02JAN2420950CE.NFO,02/01/2024,09:25:55,472.3,473,120,475,120,0,1320
FINNIFTY02JAN2420950CE.NFO,02/01/2024,09:25:56,472.3,473.45,40,475.4,240,0,1320
FINNIFTY02JAN2420950CE.NFO,02/01/2024,09:25:58,472.3,473.95,40,476,160,0,1320
FINNIFTY02JAN2420950CE.NFO,02/01/2024,09:26:00,472.3,474.65,40,476.95,480,0,1320
FINNIFTY02JAN2420950CE.NFO,02/01/2024,09:26:01,472.3,475,120,477.35,120,0,1320
FINNIFTY02JAN2420950CE.NFO,02/01/2024,09:26:03,472.3,475.15,80,476.9,1200,0,1320
FINNIFTY02JAN2420950CE.NFO,02/01/2024,09:26:05,472.3,475.2,40,476.7,40,0,1320
FINNIFTY02JAN2420950CE.NFO,02/01/2024,09:26:06,472.3,475.3,40,477.2,600,0,1320
FINNIFTY02JAN2420950CE.NFO,02/01/2024,09:26:08,472.3,474.4,40,476.5,80,0,1320
FINNIFTY02JAN2420950CE.NFO,02/01/2024,09:26:10,472.3,474.65,40,476.6,120,0,1320
FINNIFTY02JAN2420950CE.NFO,02/01/2024,09:26:11,472.3,474.75,40,476.65,240,0,1320
FINNIFTY02JAN2420950CE.NFO,02/01/2024,09:26:13,472.3,475.45,40,477.45,240,0,1320
FINNIFTY02JAN2420950CE.NFO,02/01/2024,09:26:15,472.3,478.6,320,480.4,560,0,1320
FINNIFTY02JAN2420950CE.NFO,02/01/2024,09:26:16,502.2,489.1,360,493.8,40,40,1320
FINNIFTY02JAN2420950CE.NFO,02/01/2024,09:26:16,502.2,489.1,360,493.8,40,0,1320
FINNIFTY02JAN2420950CE.NFO,02/01/2024,09:26:18,494.25,487.35,680,492.7,40,80,1320
FINNIFTY02JAN2420950CE.NFO,02/01/2024,09:26:20,494.25,490.65,360,496.35,360,0,1320
FINNIFTY02JAN2420950CE.NFO,02/01/2024,09:26:21,494.25,492.15,40,496.3,600,0,1320
FINNIFTY02JAN2420950CE.NFO,02/01/2024,09:26:23,494.25,492.2,80,494.9,40,0,1320
FINNIFTY02JAN2420950CE.NFO,02/01/2024,09:26:25,491,491,40,493.2,120,40,1320
FINNIFTY02JAN2420950CE.NFO,02/01/2024,09:26:26,491,489.3,40,492.45,80,0,1320
FINNIFTY02JAN2420950CE.NFO,02/01/2024,09:26:28,491,491.5,40,493.75,280,0,1320
FINNIFTY02JAN2420950CE.NFO,02/01/2024,09:26:30,491,497.35,80,500.6,120,0,1320
FINNIFTY02JAN2420950CE.NFO,02/01/2024,09:26:31,491,497.8,240,500.25,40,0,1320
FINNIFTY02JAN2420950CE.NFO,02/01/2024,09:26:33,491,496.3,80,498.85,240,0,1320
FINNIFTY02JAN2420950CE.NFO,02/01/2024,09:26:35,491,496.35,120,498.8,240,0,1320
FINNIFTY02JAN2420950CE.NFO,02/01/2024,09:26:36,491,496.85,80,499.6,40,0,1320
FINNIFTY02JAN2420950CE.NFO,02/01/2024,09:26:38,491,502.2,360,537.9,5280,0,1320
FINNIFTY02JAN2420950CE.NFO,02/01/2024,09:26:40,491,507.5,360,512.95,360,0,1320
FINNIFTY02JAN2420950CE.NFO,02/01/2024,09:26:41,491,506.95,240,511.5,80,0,1320
FINNIFTY02JAN2420950CE.NFO,02/01/2024,09:26:43,491,507.7,240,511.3,120,0,1320
FINNIFTY02JAN2420950CE.NFO,02/01/2024,09:26:45,491,510.85,120,520.85,200,0,1320
FINNIFTY02JAN2420950CE.NFO,02/01/2024,09:26:46,491,514.65,120,518.7,160,0,1320
FINNIFTY02JAN2420950CE.NFO,02/01/2024,09:26:48,491,514.75,40,520.75,640,0,1320
FINNIFTY02JAN2420950CE.NFO,02/01/2024,09:26:50,491,512.65,240,515.6,40,0,1320
FINNIFTY02JAN2420950CE.NFO,02/01/2024,09:26:51,491,514.3,40,517.95,680,0,1320
FINNIFTY02JAN2420950CE.NFO,02/01/2024,09:26:53,491,511.2,40,514.75,120,0,1320
FINNIFTY02JAN2420950CE.NFO,02/01/2024,09:26:55,491,508.2,80,514.55,80,0,1320
FINNIFTY02JAN2420950CE.NFO,02/01/2024,09:26:56,491,508,2320,511.9,640,0,1320
FINNIFTY02JAN2420950CE.NFO,02/01/2024,09:26:58,491,506.15,40,508.85,240,0,1320
FINNIFTY02JAN2420950CE.NFO,02/01/2024,09:27:00,491,506.05,600,509.5,360,0,1320
FINNIFTY02JAN2420950CE.NFO,02/01/2024,09:27:01,491,509.8,120,514.95,120,0,1320
FINNIFTY02JAN2420950CE.NFO,02/01/2024,09:27:03,491,509.25,320,512.2,40,0,1320
FINNIFTY02JAN2420950CE.NFO,02/01/2024,09:27:05,491,509.6,400,512.7,360,0,1320
FINNIFTY02JAN2420950CE.NFO,02/01/2024,09:27:06,491,508.8,320,511.3,200,0,1320
FINNIFTY02JAN2420950CE.NFO,02/01/2024,09:27:08,491,510.95,120,515.75,40,0,1320
FINNIFTY02JAN2420950CE.NFO,02/01/2024,09:27:10,491,511.1,120,513.45,360,0,1320
FINNIFTY02JAN2420950CE.NFO,02/01/2024,09:27:11,491,507.5,120,510.65,40,0,1320
FINNIFTY02JAN2420950CE.NFO,02/01/2024,09:27:13,491,510.6,120,515,40,0,1320
FINNIFTY02JAN2420950CE.NFO,02/01/2024,09:27:15,491,508,120,510.35,320,0,1320
FINNIFTY02JAN2420950CE.NFO,02/01/2024,09:27:16,491,507.5,120,509.95,240,0,1320
FINNIFTY02JAN2420950CE.NFO,02/01/2024,09:27:18,491,507.9,40,510.3,240,0,1320
FINNIFTY02JAN2420950CE.NFO,02/01/2024,09:27:20,491,507.45,160,509.8,80,0,1320
FINNIFTY02JAN2420950CE.NFO,02/01/2024,09:27:22,491,507.9,600,510.3,80,0,1320
FINNIFTY02JAN2420950CE.NFO,02/01/2024,09:27:23,491,508.5,80,510.8,40,0,1320
FINNIFTY02JAN2420950CE.NFO,02/01/2024,09:27:25,491,508.55,120,510.15,120,0,1320
FINNIFTY02JAN2420950CE.NFO,02/01/2024,09:27:27,491,504.9,240,507.1,320,0,1320
FINNIFTY02JAN2420950CE.NFO,02/01/2024,09:27:28,491,504.45,40,506.9,120,0,1320
FINNIFTY02JAN2420950CE.NFO,02/01/2024,09:27:30,491,504.5,120,506.35,80,0,1320
FINNIFTY02JAN2420950CE.NFO,02/01/2024,09:27:31,491,503.85,120,505.7,120,0,1320
FINNIFTY02JAN2420950CE.NFO,02/01/2024,09:27:33,491,503.05,320,505.5,120,0,1320
FINNIFTY02JAN2420950CE.NFO,02/01/2024,09:27:35,491,503.6,40,506.1,360,0,1320
FINNIFTY02JAN2420950CE.NFO,02/01/2024,09:27:36,491,506.5,80,509.25,160,0,1320
FINNIFTY02JAN2420950CE.NFO,02/01/2024,09:27:38,491,506,80,508.4,40,0,1320
FINNIFTY02JAN2420950CE.NFO,02/01/2024,09:27:40,491,504.95,160,507.15,120,0,1320
FINNIFTY02JAN2420950CE.NFO,02/01/2024,09:27:41,491,505.6,400,507.95,80,0,1320
FINNIFTY02JAN2420950CE.NFO,02/01/2024,09:27:43,491,506.95,80,509.2,160,0,1320
FINNIFTY02JAN2420950CE.NFO,02/01/2024,09:27:45,491,505.5,240,507.65,80,0,1320
FINNIFTY02JAN2420950CE.NFO,02/01/2024,09:27:46,491,504.45,40,506.75,120,0,1320
FINNIFTY02JAN2420950CE.NFO,02/01/2024,09:27:48,491,505.3,40,507.65,200,0,1320
FINNIFTY02JAN2420950CE.NFO,02/01/2024,09:27:50,491,507.55,80,509.65,120,0,1320
FINNIFTY02JAN2420950CE.NFO,02/01/2024,09:27:51,491,508.9,160,511.45,80,0,1320
FINNIFTY02JAN2420950CE.NFO,02/01/2024,09:27:53,491,513.25,640,519.3,200,0,1320
FINNIFTY02JAN2420950CE.NFO,02/01/2024,09:27:55,491,513.2,400,515.65,160,0,1320
FINNIFTY02JAN2420950CE.NFO,02/01/2024,09:27:56,491,514.7,240,518.45,40,0,1320
FINNIFTY02JAN2420950CE.NFO,02/01/2024,09:27:58,491,517.35,480,555.6,80,0,1320
FINNIFTY02JAN2420950CE.NFO,02/01/2024,09:28:00,491,519.6,120,526.25,120,0,1320
FINNIFTY02JAN2420950CE.NFO,02/01/2024,09:28:01,491,519.3,200,522.75,120,0,1320
FINNIFTY02JAN2420950CE.NFO,02/01/2024,09:28:03,491,519.85,360,525.95,120,0,1320
FINNIFTY02JAN2420950CE.NFO,02/01/2024,09:28:05,491,521.65,120,524.85,360,0,1320
FINNIFTY02JAN2420950CE.NFO,02/01/2024,09:28:06,491,516.45,120,522.05,120,0,1320
FINNIFTY02JAN2420950CE.NFO,02/01/2024,09:28:08,491,519.1,40,521.5,200,0,1320
FINNIFTY02JAN2420950CE.NFO,02/01/2024,09:28:10,491,517.9,400,520.2,120,0,1320
FINNIFTY02JAN2420950CE.NFO,02/01/2024,09:28:11,491,518.8,40,521.45,40,0,1320
FINNIFTY02JAN2420950CE.NFO,02/01/2024,09:28:13,491,517.05,120,520.15,40,0,1320
FINNIFTY02JAN2420950CE.NFO,02/01/2024,09:28:15,491,516.25,600,519.2,400,0,1320
FINNIFTY02JAN2420950CE.NFO,02/01/2024,09:28:16,491,517.3,40,525.85,40,0,1320
FINNIFTY02JAN2420950CE.NFO,02/01/2024,09:28:18,491,516,120,518.5,120,0,1320
FINNIFTY02JAN2420950CE.NFO,02/01/2024,09:28:20,491,512.85,160,517.4,40,0,1320
FINNIFTY02JAN2420950CE.NFO,02/01/2024,09:28:21,491,517.2,160,519.6,120,0,1320
FINNIFTY02JAN2420950CE.NFO,02/01/2024,09:28:23,491,517.45,160,519.75,120,0,1320
FINNIFTY02JAN2420950CE.NFO,02/01/2024,09:28:25,491,519.95,160,523.15,160,0,1320
FINNIFTY02JAN2420950CE.NFO,02/01/2024,09:28:26,491,519.3,240,522.1,40,0,1320
FINNIFTY02JAN2420950CE.NFO,02/01/2024,09:28:28,491,518.25,40,520.7,120,0,1320
FINNIFTY02JAN2420950CE.NFO,02/01/2024,09:28:30,491,519.6,200,522.1,200,0,1320
FINNIFTY02JAN2420950CE.NFO,02/01/2024,09:28:31,491,518,160,520.3,200,0,1320
FINNIFTY02JAN2420950CE.NFO,02/01/2024,09:28:33,491,515,120,517.9,240,0,1320
FINNIFTY02JAN2420950CE.NFO,02/01/2024,09:28:35,491,515.05,80,516.9,640,0,1320
FINNIFTY02JAN2420950CE.NFO,02/01/2024,09:28:36,491,512.7,360,517.25,40,0,1320
FINNIFTY02JAN2420950CE.NFO,02/01/2024,09:28:38,491,513.2,40,515.6,400,0,1320
FINNIFTY02JAN2420950CE.NFO,02/01/2024,09:28:40,491,514,40,516.4,120,0,1320
FINNIFTY02JAN2420950CE.NFO,02/01/2024,09:28:41,491,514.05,560,516.45,280,0,1320
FINNIFTY02JAN2420950CE.NFO,02/01/2024,09:28:43,491,514.15,120,516.45,120,0,1320
FINNIFTY02JAN2420950CE.NFO,02/01/2024,09:28:45,491,514.4,80,517,40,0,1320
FINNIFTY02JAN2420950CE.NFO,02/01/2024,09:28:46,491,515.65,120,518.4,120,0,1320
FINNIFTY02JAN2420950CE.NFO,02/01/2024,09:28:48,491,515.7,120,517.5,120,0,1320
FINNIFTY02JAN2420950CE.NFO,02/01/2024,09:28:50,491,514.95,240,518.8,120,0,1320
FINNIFTY02JAN2420950CE.NFO,02/01/2024,09:28:51,491,515.2,40,517.65,40,0,1320
FINNIFTY02JAN2420950CE.NFO,02/01/2024,09:28:53,491,514.15,160,516.4,120,0,1320
FINNIFTY02JAN2420950CE.NFO,02/01/2024,09:28:55,491,513.2,240,515.55,200,0,1320
FINNIFTY02JAN2420950CE.NFO,02/01/2024,09:28:56,491,512.8,80,515.2,240,0,1320
FINNIFTY02JAN2420950CE.NFO,02/01/2024,09:28:58,491,511.05,240,514.4,200,0,1320
FINNIFTY02JAN2420950CE.NFO,02/01/2024,09:29:00,491,510.75,160,513.5,160,0,1320
FINNIFTY02JAN2420950CE.NFO,02/01/2024,09:29:01,491,511,80,513.8,200,0,1320
FINNIFTY02JAN2420950CE.NFO,02/01/2024,09:29:03,491,509,200,511.9,200,0,1320
FINNIFTY02JAN2420950CE.NFO,02/01/2024,09:29:05,508.95,510,400,512.2,40,40,1320
FINNIFTY02JAN2420950CE.NFO,02/01/2024,09:29:05,508.95,510,400,512.2,40,0,1320
FINNIFTY02JAN2420950CE.NFO,02/01/2024,09:29:06,508.95,510.05,400,511.95,40,0,1320
FINNIFTY02JAN2420950CE.NFO,02/01/2024,09:29:08,508.95,510,40,511.55,120,0,1320
FINNIFTY02JAN2420950CE.NFO,02/01/2024,09:29:10,508.95,510.55,200,512.55,40,0,1320
FINNIFTY02JAN2420950CE.NFO,02/01/2024,09:29:11,508.95,511.7,120,514.2,40,0,1320
FINNIFTY02JAN2420950CE.NFO,02/01/2024,09:29:13,508.95,512.6,200,514.45,40,0,1320
FINNIFTY02JAN2420950CE.NFO,02/01/2024,09:29:15,508.95,511.75,40,513.15,40,0,1320
FINNIFTY02JAN2420950CE.NFO,02/01/2024,09:29:16,508.95,510.85,40,512.45,40,0,1320
FINNIFTY02JAN2420950CE.NFO,02/01/2024,09:29:18,508.95,509.85,120,511.85,40,0,1320
FINNIFTY02JAN2420950CE.NFO,02/01/2024,09:29:20,508.95,509.85,40,511.15,40,0,1320
FINNIFTY02JAN2420950CE.NFO,02/01/2024,09:29:21,508.95,508.3,40,510.8,40,0,1320
FINNIFTY02JAN2420950CE.NFO,02/01/2024,09:29:23,508.95,508.75,40,510.85,40,0,1320
FINNIFTY02JAN2420950CE.NFO,02/01/2024,09:29:25,508.95,509.6,160,511.65,40,0,1320
FINNIFTY02JAN2420950CE.NFO,02/01/2024,09:29:26,508.95,508.4,120,509.8,40,0,1320
FINNIFTY02JAN2420950CE.NFO,02/01/2024,09:29:28,508.95,507.35,40,509.5,40,0,1320
FINNIFTY02JAN2420950CE.NFO,02/01/2024,09:29:30,508.95,508.9,40,510.9,240,0,1320
FINNIFTY02JAN2420950CE.NFO,02/01/2024,09:29:32,508.95,508.95,120,510.75,40,0,1320
FINNIFTY02JAN2420950CE.NFO,02/01/2024,09:29:33,508.95,508.95,120,510.4,40,0,1320
FINNIFTY02JAN2420950CE.NFO,02/01/2024,09:29:35,508.95,509.85,240,512.05,40,0,1320
FINNIFTY02JAN2420950CE.NFO,02/01/2024,09:29:37,508.95,511.05,40,512.95,40,0,1320
FINNIFTY02JAN2420950CE.NFO,02/01/2024,09:29:38,508.95,511.65,160,513.7,40,0,1320
FINNIFTY02JAN2420950CE.NFO,02/01/2024,09:29:40,508.95,511.7,120,513.5,40,0,1320
FINNIFTY02JAN2420950CE.NFO,02/01/2024,09:29:42,508.95,511.85,80,513.95,40,0,1320
FINNIFTY02JAN2420950CE.NFO,02/01/2024,09:29:43,508.95,510.8,120,512.35,40,0,1320
FINNIFTY02JAN2420950CE.NFO,02/01/2024,09:29:45,508.95,510.45,120,512.35,40,0,1320
FINNIFTY02JAN2420950CE.NFO,02/01/2024,09:29:47,508.95,509.4,80,511.75,80,0,1320
FINNIFTY02JAN2420950CE.NFO,02/01/2024,09:29:48,508.95,509.35,120,511.35,40,0,1320
FINNIFTY02JAN2420950CE.NFO,02/01/2024,09:29:50,508.95,509.95,200,512.1,40,0,1320
FINNIFTY02JAN2420950CE.NFO,02/01/2024,09:29:52,508.95,510.45,40,512.75,40,0,1320
FINNIFTY02JAN2420950CE.NFO,02/01/2024,09:29:53,508.95,511.85,240,514.5,320,0,1320
FINNIFTY02JAN2420950CE.NFO,02/01/2024,09:29:55,508.95,510.65,120,512.6,40,0,1320
FINNIFTY02JAN2420950CE.NFO,02/01/2024,09:29:57,508.95,510.35,80,512.4,40,0,1320
FINNIFTY02JAN2420950CE.NFO,02/01/2024,09:29:58,508.95,509.4,80,511.55,40,0,1320
FINNIFTY02JAN2420950CE.NFO,02/01/2024,09:30:00,508.95,510.05,40,512.85,320,0,1320
FINNIFTY02JAN2420950CE.NFO,02/01/2024,09:30:02,508.95,511.8,160,514.1,80,0,1320
FINNIFTY02JAN2420950CE.NFO,02/01/2024,09:30:03,508.95,509.25,120,511,40,0,1320
FINNIFTY02JAN2420950CE.NFO,02/01/2024,09:30:05,508.95,507.5,400,509.6,40,0,1320
FINNIFTY02JAN2420950CE.NFO,02/01/2024,09:30:07,508.95,506.65,120,508.2,40,0,1320
FINNIFTY02JAN2420950CE.NFO,02/01/2024,09:30:08,508.95,507.85,40,509.9,40,0,1320
FINNIFTY02JAN2420950CE.NFO,02/01/2024,09:30:10,508.95,508.2,80,510.6,40,0,1320
FINNIFTY02JAN2420950CE.NFO,02/01/2024,09:30:12,508.95,508.65,120,510.85,40,0,1320
FINNIFTY02JAN2420950CE.NFO,02/01/2024,09:30:13,508.95,509.6,200,512.05,40,0,1320
FINNIFTY02JAN2420950CE.NFO,02/01/2024,09:30:15,508.95,512.15,80,514.05,40,0,1320
FINNIFTY02JAN2420950CE.NFO,02/01/2024,09:30:17,508.95,512.2,120,513.95,40,0,1320
FINNIFTY02JAN2420950CE.NFO,02/01/2024,09:30:18,508.95,513.6,120,515.5,40,0,1320
FINNIFTY02JAN2420950CE.NFO,02/01/2024,09:30:20,508.95,513.9,40,517.3,80,0,1320
FINNIFTY02JAN2420950CE.NFO,02/01/2024,09:30:22,508.95,514,40,515.45,40,0,1320
FINNIFTY02JAN2420950CE.NFO,02/01/2024,09:30:23,508.95,512.75,80,515.15,120,0,1320
FINNIFTY02JAN2420950CE.NFO,02/01/2024,09:30:25,508.95,512.6,120,514.2,40,0,1320
FINNIFTY02JAN2420950CE.NFO,02/01/2024,09:30:27,508.95,511.4,120,513.5,40,0,1320
FINNIFTY02JAN2420950CE.NFO,02/01/2024,09:30:28,508.95,510.8,40,513.2,40,0,1320
FINNIFTY02JAN2420950CE.NFO,02/01/2024,09:30:30,508.95,510.15,40,512.1,40,0,1320
FINNIFTY02JAN2420950CE.NFO,02/01/2024,09:30:32,508.95,508.9,120,510.85,40,0,1320
FINNIFTY02JAN2420950CE.NFO,02/01/2024,09:30:33,508.95,509.7,120,511.75,40,0,1320
FINNIFTY02JAN2420950CE.NFO,02/01/2024,09:30:35,508.95,509.9,200,512.2,40,0,1320
FINNIFTY02JAN2420950CE.NFO,02/01/2024,09:30:37,508.95,509.85,80,511.9,40,0,1320
FINNIFTY02JAN2420950CE.NFO,02/01/2024,09:30:38,508.95,509.75,120,511.4,40,0,1320
FINNIFTY02JAN2420950CE.NFO,02/01/2024,09:30:40,508.95,510.85,600,513.2,40,0,1320
FINNIFTY02JAN2420950CE.NFO,02/01/2024,09:30:42,508.95,512.15,40,514.35,40,0,1320
FINNIFTY02JAN2420950CE.NFO,02/01/2024,09:30:43,508.95,511.05,120,512.85,40,0,1320
FINNIFTY02JAN2420950CE.NFO,02/01/2024,09:30:45,508.95,511.15,120,513.05,40,0,1320
FINNIFTY02JAN2420950CE.NFO,02/01/2024,09:30:47,508.95,511.25,320,513.2,40,0,1320
FINNIFTY02JAN2420950CE.NFO,02/01/2024,09:30:48,508.95,511.2,120,512.95,40,0,1320
FINNIFTY02JAN2420950CE.NFO,02/01/2024,09:30:50,508.95,511.2,120,512.7,40,0,1320
FINNIFTY02JAN2420950CE.NFO,02/01/2024,09:30:51,508.95,510.45,40,512.5,40,0,1320
FINNIFTY02JAN2420950CE.NFO,02/01/2024,09:30:53,508.95,510.5,120,512.45,40,0,1320
FINNIFTY02JAN2420950CE.NFO,02/01/2024,09:30:55,508.95,510.5,120,512.35,40,0,1320
FINNIFTY02JAN2420950CE.NFO,02/01/2024,09:30:56,508.95,509.6,40,511.65,40,0,1320
FINNIFTY02JAN2420950CE.NFO,02/01/2024,09:30:58,508.95,509.65,120,511.15,40,0,1320
FINNIFTY02JAN2420950CE.NFO,02/01/2024,09:31:00,508.95,508.05,40,510.1,40,0,1320
FINNIFTY02JAN2420950CE.NFO,02/01/2024,09:31:01,508.95,508.35,40,510.55,40,0,1320
FINNIFTY02JAN2420950CE.NFO,02/01/2024,09:31:03,508.95,507.55,40,509.55,40,0,1320
FINNIFTY02JAN2420950CE.NFO,02/01/2024,09:31:05,508.95,506.7,120,508.6,200,0,1320
FINNIFTY02JAN2420950CE.NFO,02/01/2024,09:31:06,508.95,506.7,120,508.65,40,0,1320
FINNIFTY02JAN2420950CE.NFO,02/01/2024,09:31:08,508.95,507.1,40,508.95,40,0,1320
FINNIFTY02JAN2420950CE.NFO,02/01/2024,09:31:10,508.95,507.55,80,509.6,40,0,1320
FINNIFTY02JAN2420950CE.NFO,02/01/2024,09:31:11,508.95,507.75,40,510.1,40,0,1320
FINNIFTY02JAN2420950CE.NFO,02/01/2024,09:31:13,508.95,505.95,120,507.35,40,0,1320
FINNIFTY02JAN2420950CE.NFO,02/01/2024,09:31:15,508.95,503.45,40,505.85,40,0,1320
FINNIFTY02JAN2420950CE.NFO,02/01/2024,09:31:16,508.95,503.7,40,506,40,0,1320
FINNIFTY02JAN2420950CE.NFO,02/01/2024,09:31:18,508.95,505.35,40,507.3,40,0,1320
FINNIFTY02JAN2420950CE.NFO,02/01/2024,09:31:20,508.95,505.15,80,507.4,40,0,1320
FINNIFTY02JAN2420950CE.NFO,02/01/2024,09:31:21,508.95,505.05,120,506.6,40,0,1320
FINNIFTY02JAN2420950CE.NFO,02/01/2024,09:31:23,508.95,505.95,40,509.3,40,0,1320
FINNIFTY02JAN2420950CE.NFO,02/01/2024,09:31:25,508.95,505.5,40,507.65,40,0,1320
FINNIFTY02JAN2420950CE.NFO,02/01/2024,09:31:26,508.95,507.2,40,510.2,40,0,1320
FINNIFTY02JAN2420950CE.NFO,02/01/2024,09:31:28,508.95,508.35,120,510.7,40,0,1320
FINNIFTY02JAN2420950CE.NFO,02/01/2024,09:31:29,508.95,507.55,120,509.45,40,0,1320
FINNIFTY02JAN2420950CE.NFO,02/01/2024,09:31:31,508.95,507.55,120,509.65,200,0,1320
FINNIFTY02JAN2420950CE.NFO,02/01/2024,09:31:33,508.95,506.7,120,508.9,40,0,1320
FINNIFTY02JAN2420950CE.NFO,02/01/2024,09:31:34,508.95,505.05,80,507.15,40,0,1320
FINNIFTY02JAN2420950CE.NFO,02/01/2024,09:31:36,508.95,505.1,200,507.25,40,0,1320
FINNIFTY02JAN2420950CE.NFO,02/01/2024,09:31:38,508.95,505.1,40,506.75,40,0,1320
FINNIFTY02JAN2420950CE.NFO,02/01/2024,09:31:39,508.95,505.1,40,506.5,40,0,1320
FINNIFTY02JAN2420950CE.NFO,02/01/2024,09:31:41,508.95,504.15,80,505.75,80,0,1320
FINNIFTY02JAN2420950CE.NFO,02/01/2024,09:31:43,508.95,504.2,80,505.85,40,0,1320
FINNIFTY02JAN2420950CE.NFO,02/01/2024,09:31:44,508.95,504.4,40,506.5,40,0,1320
FINNIFTY02JAN2420950CE.NFO,02/01/2024,09:31:46,508.95,504.9,40,507.4,200,0,1320
FINNIFTY02JAN2420950CE.NFO,02/01/2024,09:31:48,508.95,504.95,120,507,40,0,1320
FINNIFTY02JAN2420950CE.NFO,02/01/2024,09:31:50,508.95,505.7,40,507.75,40,0,1320
FINNIFTY02JAN2420950CE.NFO,02/01/2024,09:31:51,508.95,505.35,120,507.15,40,0,1320
FINNIFTY02JAN2420950CE.NFO,02/01/2024,09:31:53,508.95,504.4,120,506,40,0,1320
FINNIFTY02JAN2420950CE.NFO,02/01/2024,09:31:55,508.95,502.35,40,504.8,40,0,1320
FINNIFTY02JAN2420950CE.NFO,02/01/2024,09:31:56,508.95,502.45,40,504.65,40,0,1320
FINNIFTY02JAN2420950CE.NFO,02/01/2024,09:31:58,508.95,502.95,40,505.1,40,0,1320
FINNIFTY02JAN2420950CE.NFO,02/01/2024,09:32:00,508.95,503.95,40,506.05,40,0,1320
FINNIFTY02JAN2420950CE.NFO,02/01/2024,09:32:01,508.95,502.9,40,505.15,40,0,1320
FINNIFTY02JAN2420950CE.NFO,02/01/2024,09:32:03,508.95,502.8,40,505,40,0,1320
FINNIFTY02JAN2420950CE.NFO,02/01/2024,09:32:05,508.95,500.4,40,502.9,240,0,1320
FINNIFTY02JAN2420950CE.NFO,02/01/2024,09:32:06,508.95,500.95,40,503.45,40,0,1320
FINNIFTY02JAN2420950CE.NFO,02/01/2024,09:32:08,508.95,501.05,40,502.85,40,0,1320
FINNIFTY02JAN2420950CE.NFO,02/01/2024,09:32:10,508.95,501,120,502.9,40,0,1320
FINNIFTY02JAN2420950CE.NFO,02/01/2024,09:32:11,508.95,501.95,40,504.25,40,0,1320
FINNIFTY02JAN2420950CE.NFO,02/01/2024,09:32:13,508.95,503.95,40,505.95,40,0,1320
FINNIFTY02JAN2420950CE.NFO,02/01/2024,09:32:15,508.95,502.3,120,504,40,0,1320
FINNIFTY02JAN2420950CE.NFO,02/01/2024,09:32:16,508.95,501.65,120,503.4,120,0,1320
FINNIFTY02JAN2420950CE.NFO,02/01/2024,09:32:18,508.95,500.65,80,502.3,80,0,1320
FINNIFTY02JAN2420950CE.NFO,02/01/2024,09:32:19,508.95,497.85,40,500.05,40,0,1320
FINNIFTY02JAN2420950CE.NFO,02/01/2024,09:32:21,508.95,498.7,120,500.75,40,0,1320
FINNIFTY02JAN2420950CE.NFO,02/01/2024,09:32:23,508.95,499.15,200,501.35,40,0,1320
FINNIFTY02JAN2420950CE.NFO,02/01/2024,09:32:24,508.95,498.3,40,500.55,40,0,1320
FINNIFTY02JAN2420950CE.NFO,02/01/2024,09:32:26,508.95,498.5,160,500.75,200,0,1320
FINNIFTY02JAN2420950CE.NFO,02/01/2024,09:32:28,508.95,499.45,40,501.55,40,0,1320
FINNIFTY02JAN2420950CE.NFO,02/01/2024,09:32:29,508.95,500.15,80,502.3,40,0,1320
FINNIFTY02JAN2420950CE.NFO,02/01/2024,09:32:31,508.95,500.95,200,503.1,40,0,1320
FINNIFTY02JAN2420950CE.NFO,02/01/2024,09:32:32,508.95,500,120,502.2,40,0,1320
FINNIFTY02JAN2420950CE.NFO,02/01/2024,09:32:34,508.95,500.25,40,502.3,40,0,1320
FINNIFTY02JAN2420950CE.NFO,02/01/2024,09:32:36,501.7,499.8,120,501.75,120,160,1280
FINNIFTY02JAN2420950CE.NFO,02/01/2024,09:32:37,501.7,498.15,40,500.15,80,0,1280
FINNIFTY02JAN2420950CE.NFO,02/01/2024,09:32:39,501.7,498.35,40,499.85,40,0,1280
FINNIFTY02JAN2420950CE.NFO,02/01/2024,09:32:41,501.7,499.25,40,500.75,120,0,1280
FINNIFTY02JAN2420950CE.NFO,02/01/2024,09:32:42,501.7,497.65,40,499.55,40,0,1280
FINNIFTY02JAN2420950CE.NFO,02/01/2024,09:32:44,501.7,498.7,40,500.35,40,0,1280
FINNIFTY02JAN2420950CE.NFO,02/01/2024,09:32:46,501.7,498.15,120,499.75,40,0,1280
FINNIFTY02JAN2420950CE.NFO,02/01/2024,09:32:47,501.7,498.35,40,500.1,120,0,1280
FINNIFTY02JAN2420950CE.NFO,02/01/2024,09:32:49,501.7,499.7,40,501.6,200,0,1280
FINNIFTY02JAN2420950CE.NFO,02/01/2024,09:32:51,501.7,499.05,120,500.9,320,0,1280
FINNIFTY02JAN2420950CE.NFO,02/01/2024,09:32:52,501.7,499.1,120,501.05,240,0,1280
FINNIFTY02JAN2420950CE.NFO,02/01/2024,09:32:54,501.7,499.3,160,501.55,960,0,1280
FINNIFTY02JAN2420950CE.NFO,02/01/2024,09:32:56,501.7,499.5,120,501.4,160,0,1280
FINNIFTY02JAN2420950CE.NFO,02/01/2024,09:32:57,501.7,499.4,40,501.4,280,0,1280
FINNIFTY02JAN2420950CE.NFO,02/01/2024,09:32:59,501.7,500.4,40,503.35,280,0,1280
FINNIFTY02JAN2420950CE.NFO,02/01/2024,09:33:01,501.7,501,120,503.5,40,0,1280
FINNIFTY02JAN2420950CE.NFO,02/01/2024,09:33:02,501.7,501.25,160,503.5,160,0,1280
FINNIFTY02JAN2420950CE.NFO,02/01/2024,09:33:04,501.7,501.3,120,502.85,40,0,1280
FINNIFTY02JAN2420950CE.NFO,02/01/2024,09:33:06,501.7,501.4,120,503.05,240,0,1280
FINNIFTY02JAN2420950CE.NFO,02/01/2024,09:33:07,501.7,500.5,120,502.05,120,0,1280
FINNIFTY02JAN2420950CE.NFO,02/01/2024,09:33:09,501.7,500.65,40,502.6,120,0,1280
FINNIFTY02JAN2420950CE.NFO,02/01/2024,09:33:11,501.7,500.55,120,502.15,400,0,1280
FINNIFTY02JAN2420950CE.NFO,02/01/2024,09:33:12,501.7,500.5,40,501.85,200,0,1280
FINNIFTY02JAN2420950CE.NFO,02/01/2024,09:33:14,501.7,498.35,120,500.65,240,0,1280
FINNIFTY02JAN2420950CE.NFO,02/01/2024,09:33:16,501.7,497.4,40,498.8,400,0,1280
FINNIFTY02JAN2420950CE.NFO,02/01/2024,09:33:17,501.7,496.9,120,498.75,200,0,1280
FINNIFTY02JAN2420950CE.NFO,02/01/2024,09:33:19,501.7,498,40,500.5,1160,0,1280
FINNIFTY02JAN2420950CE.NFO,02/01/2024,09:33:21,501.7,497.8,120,499.9,240,0,1280
FINNIFTY02JAN2420950CE.NFO,02/01/2024,09:33:22,501.7,496.15,40,499.25,120,0,1280
FINNIFTY02JAN2420950CE.NFO,02/01/2024,09:33:24,501.7,496.8,40,498.95,80,0,1280
FINNIFTY02JAN2420950CE.NFO,02/01/2024,09:33:26,501.7,495.4,120,497.45,40,0,1280
FINNIFTY02JAN2420950CE.NFO,02/01/2024,09:33:27,501.7,495.65,40,497.85,120,0,1280
FINNIFTY02JAN2420950CE.NFO,02/01/2024,09:33:29,501.7,496.15,120,497.9,280,0,1280
FINNIFTY02JAN2420950CE.NFO,02/01/2024,09:33:31,501.7,497.25,40,499.35,40,0,1280
FINNIFTY02JAN2420950CE.NFO,02/01/2024,09:33:32,501.7,498.25,40,500.5,1320,0,1280
FINNIFTY02JAN2420950CE.NFO,02/01/2024,09:33:34,501.7,498.3,120,500,640,0,1280
FINNIFTY02JAN2420950CE.NFO,02/01/2024,09:33:36,501.7,497.6,80,499.55,160,0,1280
FINNIFTY02JAN2420950CE.NFO,02/01/2024,09:33:37,501.7,499.1,40,501.3,280,0,1280
FINNIFTY02JAN2420950CE.NFO,02/01/2024,09:33:39,501.7,498.35,80,500.55,280,0,1280
FINNIFTY02JAN2420950CE.NFO,02/01/2024,09:33:41,501.7,498.45,120,500,160,0,1280
FINNIFTY02JAN2420950CE.NFO,02/01/2024,09:33:42,501.7,499.45,120,501.85,1040,0,1280
FINNIFTY02JAN2420950CE.NFO,02/01/2024,09:33:44,501.7,499.85,40,502.05,40,0,1280
FINNIFTY02JAN2420950CE.NFO,02/01/2024,09:33:46,501.7,500.05,120,502,200,0,1280
FINNIFTY02JAN2420950CE.NFO,02/01/2024,09:33:47,501.7,500.05,40,502.1,40,0,1280
FINNIFTY02JAN2420950CE.NFO,02/01/2024,09:33:49,501.7,500.55,280,502.85,400,0,1280
FINNIFTY02JAN2420950CE.NFO,02/01/2024,09:33:51,501.7,502.8,40,504.95,200,0,1280
FINNIFTY02JAN2420950CE.NFO,02/01/2024,09:33:52,501.7,504,200,506.55,120,0,1280
FINNIFTY02JAN2420950CE.NFO,02/01/2024,09:33:54,501.7,504.05,120,506.15,40,0,1280
FINNIFTY02JAN2420950CE.NFO,02/01/2024,09:33:56,501.7,504.35,120,506.45,1520,0,1280
FINNIFTY02JAN2420950CE.NFO,02/01/2024,09:33:57,501.7,503.45,40,505.75,240,0,1280
FINNIFTY02JAN2420950CE.NFO,02/01/2024,09:33:59,501.7,503.85,120,505.9,200,0,1280
FINNIFTY02JAN2420950CE.NFO,02/01/2024,09:34:01,501.7,503.45,40,505.75,40,0,1280
FINNIFTY02JAN2420950CE.NFO,02/01/2024,09:34:03,501.7,501.7,120,503.8,120,0,1280
FINNIFTY02JAN2420950CE.NFO,02/01/2024,09:34:04,501.7,501.85,40,504,240,0,1280
FINNIFTY02JAN2420950CE.NFO,02/01/2024,09:34:06,501.7,501.9,40,503.45,560,0,1280
FINNIFTY02JAN2420950CE.NFO,02/01/2024,09:34:08,501.7,501.15,120,503,80,0,1280
FINNIFTY02JAN2420950CE.NFO,02/01/2024,09:34:09,501.7,501.25,120,503,40,0,1280
FINNIFTY02JAN2420950CE.NFO,02/01/2024,09:34:11,501.7,500.25,120,502.05,40,0,1280
FINNIFTY02JAN2420950CE.NFO,02/01/2024,09:34:13,501.7,500.6,120,502.6,40,0,1280
FINNIFTY02JAN2420950CE.NFO,02/01/2024,09:34:14,501.7,501,40,503.05,120,0,1280
FINNIFTY02JAN2420950CE.NFO,02/01/2024,09:34:16,501.7,501.1,120,502.6,120,0,1280
FINNIFTY02JAN2420950CE.NFO,02/01/2024,09:34:18,501.7,500.7,200,502.9,120,0,1280
FINNIFTY02JAN2420950CE.NFO,02/01/2024,09:34:19,501.7,499.25,40,501.2,120,0,1280
FINNIFTY02JAN2420950CE.NFO,02/01/2024,09:34:21,501.7,499.35,120,500.95,120,0,1280
FINNIFTY02JAN2420950CE.NFO,02/01/2024,09:34:23,501.7,498.7,80,500.15,120,0,1280
FINNIFTY02JAN2420950CE.NFO,02/01/2024,09:34:24,501.7,496.5,120,498.55,80,0,1280
FINNIFTY02JAN2420950CE.NFO,02/01/2024,09:34:26,501.7,496.05,120,498.15,120,0,1280
FINNIFTY02JAN2420950CE.NFO,02/01/2024,09:34:28,501.7,496.75,40,498.8,120,0,1280
FINNIFTY02JAN2420950CE.NFO,02/01/2024,09:34:29,501.7,497.05,120,498.85,40,0,1280
FINNIFTY02JAN2420950CE.NFO,02/01/2024,09:34:31,501.7,496.45,40,498.4,80,0,1280
FINNIFTY02JAN2420950CE.NFO,02/01/2024,09:34:32,501.7,497.1,200,499.35,40,0,1280
FINNIFTY02JAN2420950CE.NFO,02/01/2024,09:34:34,501.7,497.65,120,499.65,80,0,1280
FINNIFTY02JAN2420950CE.NFO,02/01/2024,09:34:36,501.7,497.8,120,499.75,120,0,1280
FINNIFTY02JAN2420950CE.NFO,02/01/2024,09:34:37,501.7,497.75,120,499.45,80,0,1280
FINNIFTY02JAN2420950CE.NFO,02/01/2024,09:34:39,501.7,496.7,40,498.7,40,0,1280
FINNIFTY02JAN2420950CE.NFO,02/01/2024,09:34:41,501.7,497.6,120,499.8,120,0,1280
FINNIFTY02JAN2420950CE.NFO,02/01/2024,09:34:42,501.7,499.25,80,501.5,80,0,1280
FINNIFTY02JAN2420950CE.NFO,02/01/2024,09:34:44,501.7,499.3,40,500.75,120,0,1280
FINNIFTY02JAN2420950CE.NFO,02/01/2024,09:34:46,501.7,499.3,40,500.6,40,0,1280
FINNIFTY02JAN2420950CE.NFO,02/01/2024,09:34:47,501.7,498.75,40,501,360,0,1280
FINNIFTY02JAN2420950CE.NFO,02/01/2024,09:34:49,501.7,498.85,120,500.55,320,0,1280
FINNIFTY02JAN2420950CE.NFO,02/01/2024,09:34:51,501.7,498.8,80,500.5,200,0,1280
FINNIFTY02JAN2420950CE.NFO,02/01/2024,09:34:52,501.7,497.55,80,499.45,480,0,1280
FINNIFTY02JAN2420950CE.NFO,02/01/2024,09:34:54,501.7,496.95,40,498.9,40,0,1280
FINNIFTY02JAN2420950CE.NFO,02/01/2024,09:34:56,501.7,497.15,40,499.2,80,0,1280
FINNIFTY02JAN2420950CE.NFO,02/01/2024,09:34:57,501.7,498.25,40,500.95,120,0,1280
FINNIFTY02JAN2420950CE.NFO,02/01/2024,09:34:59,501.7,499.55,120,501.6,200,0,1280
FINNIFTY02JAN2420950CE.NFO,02/01/2024,09:35:01,501.7,500.85,40,502.85,240,0,1280
FINNIFTY02JAN2420950CE.NFO,02/01/2024,09:35:02,501.7,500.4,160,502.65,320,0,1280
FINNIFTY02JAN2420950CE.NFO,02/01/2024,09:35:04,501.7,502.35,600,505.2,320,0,1280
FINNIFTY02JAN2420950CE.NFO,02/01/2024,09:35:06,501.7,501.7,160,503.7,200,0,1280
FINNIFTY02JAN2420950CE.NFO,02/01/2024,09:35:07,501.7,501.4,120,503.8,120,0,1280
FINNIFTY02JAN2420950CE.NFO,02/01/2024,09:35:09,501.7,501.5,120,503.2,240,0,1280
FINNIFTY02JAN2420950CE.NFO,02/01/2024,09:35:11,501.7,499.8,120,501.95,800,0,1280
FINNIFTY02JAN2420950CE.NFO,02/01/2024,09:35:12,501.7,499.15,480,501.45,120,0,1280
FINNIFTY02JAN2420950CE.NFO,02/01/2024,09:35:14,501.7,499.85,40,502.05,40,0,1280
FINNIFTY02JAN2420950CE.NFO,02/01/2024,09:35:16,501.7,500.05,120,501.95,480,0,1280
FINNIFTY02JAN2420950CE.NFO,02/01/2024,09:35:17,501.7,499.9,40,502.8,120,0,1280
FINNIFTY02JAN2420950CE.NFO,02/01/2024,09:35:19,501.7,500.9,40,503.1,200,0,1280
FINNIFTY02JAN2420950CE.NFO,02/01/2024,09:35:21,501.7,502.55,80,504.8,80,0,1280
FINNIFTY02JAN2420950CE.NFO,02/01/2024,09:35:22,501.7,501.65,120,503.3,160,0,1280
FINNIFTY02JAN2420950CE.NFO,02/01/2024,09:35:24,501.7,501.2,80,503.2,120,0,1280
FINNIFTY02JAN2420950CE.NFO,02/01/2024,09:35:26,501.7,501.7,120,503.4,400,0,1280
FINNIFTY02JAN2420950CE.NFO,02/01/2024,09:35:27,501.7,500.95,40,502.95,120,0,1280
FINNIFTY02JAN2420950CE.NFO,02/01/2024,09:35:29,501.7,501.2,120,502.75,40,0,1280
FINNIFTY02JAN2420950CE.NFO,02/01/2024,09:35:31,501.7,500.15,120,501.75,80,0,1280
FINNIFTY02JAN2420950CE.NFO,02/01/2024,09:35:32,501.7,500.15,120,501.75,120,0,1280
FINNIFTY02JAN2420950CE.NFO,02/01/2024,09:35:34,501.7,500.55,80,502.7,80,0,1280
FINNIFTY02JAN2420950CE.NFO,02/01/2024,09:35:36,501.7,499.8,120,501.5,120,0,1280
FINNIFTY02JAN2420950CE.NFO,02/01/2024,09:35:37,501.7,498.65,40,500.65,120,0,1280
FINNIFTY02JAN2420950CE.NFO,02/01/2024,09:35:39,501.7,497.9,120,499.95,320,0,1280
FINNIFTY02JAN2420950CE.NFO,02/01/2024,09:35:41,501.7,498.25,240,500.55,200,0,1280
FINNIFTY02JAN2420950CE.NFO,02/01/2024,09:35:42,501.7,498.3,120,500.05,200,0,1280
FINNIFTY02JAN2420950CE.NFO,02/01/2024,09:35:44,501.7,498.35,120,500.1,200,0,1280
FINNIFTY02JAN2420950CE.NFO,02/01/2024,09:35:46,501.7,496.6,120,498.25,120,0,1280
FINNIFTY02JAN2420950CE.NFO,02/01/2024,09:35:47,501.7,495.8,40,497.65,80,0,1280
FINNIFTY02JAN2420950CE.NFO,02/01/2024,09:35:49,501.7,496.15,40,498.2,600,0,1280
FINNIFTY02JAN2420950CE.NFO,02/01/2024,09:35:51,501.7,496.4,160,498.35,40,0,1280
FINNIFTY02JAN2420950CE.NFO,02/01/2024,09:35:52,501.7,496.65,120,498.45,200,0,1280
FINNIFTY02JAN2420950CE.NFO,02/01/2024,09:35:54,501.7,495.9,40,497.3,120,0,1280
FINNIFTY02JAN2420950CE.NFO,02/01/2024,09:35:56,501.7,493.6,40,496.25,200,0,1280
FINNIFTY02JAN2420950CE.NFO,02/01/2024,09:35:57,501.7,494.35,40,496.9,80,0,1280
FINNIFTY02JAN2420950CE.NFO,02/01/2024,09:35:59,501.7,495,40,497.25,240,0,1280
FINNIFTY02JAN2420950CE.NFO,02/01/2024,09:36:01,501.7,494.3,120,496.05,200,0,1280
FINNIFTY02JAN2420950CE.NFO,02/01/2024,09:36:02,501.7,494,80,496.2,240,0,1280
FINNIFTY02JAN2420950CE.NFO,02/01/2024,09:36:04,501.7,494.85,40,497.4,480,0,1280
FINNIFTY02JAN2420950CE.NFO,02/01/2024,09:36:06,501.7,495.2,120,497.35,1720,0,1280
FINNIFTY02JAN2420950CE.NFO,02/01/2024,09:36:07,501.7,495.4,120,498.35,40,0,1280
FINNIFTY02JAN2420950CE.NFO,02/01/2024,09:36:09,501.7,496,120,498,80,0,1280
FINNIFTY02JAN2420950CE.NFO,02/01/2024,09:36:11,501.7,496,200,498.15,200,0,1280
FINNIFTY02JAN2420950CE.NFO,02/01/2024,09:36:13,501.7,496.05,120,497.6,240,0,1280
FINNIFTY02JAN2420950CE.NFO,02/01/2024,09:36:14,501.7,494,40,496.25,40,0,1280
FINNIFTY02JAN2420950CE.NFO,02/01/2024,09:36:16,501.7,490.3,2040,494.05,1080,0,1280
FINNIFTY02JAN2420950CE.NFO,02/01/2024,09:36:18,501.7,490.6,160,492.7,520,0,1280
FINNIFTY02JAN2420950CE.NFO,02/01/2024,09:36:19,501.7,491.45,40,493.8,240,0,1280
FINNIFTY02JAN2420950CE.NFO,02/01/2024,09:36:21,501.7,491.5,40,492.9,200,0,1280
FINNIFTY02JAN2420950CE.NFO,02/01/2024,09:36:23,501.7,491,120,493.1,200,0,1280
FINNIFTY02JAN2420950CE.NFO,02/01/2024,09:36:24,501.7,492.8,120,495,240,0,1280
FINNIFTY02JAN2420950CE.NFO,02/01/2024,09:36:26,501.7,494.2,120,496.15,280,0,1280
FINNIFTY02JAN2420950CE.NFO,02/01/2024,09:36:28,501.7,493.65,880,496.45,40,0,1280
FINNIFTY02JAN2420950CE.NFO,02/01/2024,09:36:29,501.7,495.2,120,497.75,120,0,1280
FINNIFTY02JAN2420950CE.NFO,02/01/2024,09:36:31,501.7,495.4,120,497.35,400,0,1280
FINNIFTY02JAN2420950CE.NFO,02/01/2024,09:36:33,501.7,494.55,120,496.65,120,0,1280
FINNIFTY02JAN2420950CE.NFO,02/01/2024,09:36:34,501.7,494.55,120,496.15,200,0,1280
FINNIFTY02JAN2420950CE.NFO,02/01/2024,09:36:36,501.7,494.65,40,496.6,280,0,1280
FINNIFTY02JAN2420950CE.NFO,02/01/2024,09:36:38,501.7,493.55,120,495.4,160,0,1280
FINNIFTY02JAN2420950CE.NFO,02/01/2024,09:36:39,501.7,494.7,80,496.85,40,0,1280
FINNIFTY02JAN2420950CE.NFO,02/01/2024,09:36:41,501.7,495.7,40,497.55,160,0,1280
FINNIFTY02JAN2420950CE.NFO,02/01/2024,09:36:43,501.7,495,120,497.05,240,0,1280
FINNIFTY02JAN2420950CE.NFO,02/01/2024,09:36:44,501.7,495.75,40,497.8,120,0,1280
FINNIFTY02JAN2420950CE.NFO,02/01/2024,09:36:46,501.7,496.3,120,498.15,80,0,1280
FINNIFTY02JAN2420950CE.NFO,02/01/2024,09:36:48,501.7,496.15,120,498.1,80,0,1280
FINNIFTY02JAN2420950CE.NFO,02/01/2024,09:36:49,501.7,495.75,120,497.45,40,0,1280
FINNIFTY02JAN2420950CE.NFO,02/01/2024,09:36:51,501.7,496.3,120,498.2,200,0,1280
FINNIFTY02JAN2420950CE.NFO,02/01/2024,09:36:53,501.7,496.6,120,498.35,40,0,1280
FINNIFTY02JAN2420950CE.NFO,02/01/2024,09:36:54,501.7,497.45,120,499.55,40,0,1280
FINNIFTY02JAN2420950CE.NFO,02/01/2024,09:36:56,501.7,496.85,280,498.75,40,0,1280
FINNIFTY02JAN2420950CE.NFO,02/01/2024,09:36:58,501.7,497.05,40,498.95,240,0,1280
FINNIFTY02JAN2420950CE.NFO,02/01/2024,09:36:59,501.7,497.15,120,498.75,200,0,1280
FINNIFTY02JAN2420950CE.NFO,02/01/2024,09:37:01,501.7,498.85,120,500.95,200,0,1280
FINNIFTY02JAN2420950CE.NFO,02/01/2024,09:37:03,501.7,498.95,120,500.65,200,0,1280
FINNIFTY02JAN2420950CE.NFO,02/01/2024,09:37:04,501.7,499.2,40,501.2,120,0,1280
FINNIFTY02JAN2420950CE.NFO,02/01/2024,09:37:06,501.7,499.5,40,501.45,200,0,1280
FINNIFTY02JAN2420950CE.NFO,02/01/2024,09:37:08,501.7,499,120,501,400,0,1280
FINNIFTY02JAN2420950CE.NFO,02/01/2024,09:37:09,501.7,498.25,40,500.4,40,0,1280
FINNIFTY02JAN2420950CE.NFO,02/01/2024,09:37:11,501.7,498.2,40,500.15,200,0,1280
FINNIFTY02JAN2420950CE.NFO,02/01/2024,09:37:13,501.7,498.1,80,499.6,200,0,1280
FINNIFTY02JAN2420950CE.NFO,02/01/2024,09:37:14,501.7,497.45,40,499.35,240,0,1280
FINNIFTY02JAN2420950CE.NFO,02/01/2024,09:37:16,501.7,497.85,120,499.9,200,0,1280
FINNIFTY02JAN2420950CE.NFO,02/01/2024,09:37:18,501.7,498.1,120,499.9,240,0,1280
FINNIFTY02JAN2420950CE.NFO,02/01/2024,09:37:19,501.7,498.3,120,500.1,240,0,1280
FINNIFTY02JAN2420950CE.NFO,02/01/2024,09:37:21,501.7,498.7,120,500.45,240,0,1280
FINNIFTY02JAN2420950CE.NFO,02/01/2024,09:37:23,501.7,498.8,120,500.55,40,0,1280
FINNIFTY02JAN2420950CE.NFO,02/01/2024,09:37:24,501.7,499.1,40,501.15,80,0,1280
FINNIFTY02JAN2420950CE.NFO,02/01/2024,09:37:26,501.7,500.45,120,502.3,200,0,1280
FINNIFTY02JAN2420950CE.NFO,02/01/2024,09:37:28,501.7,500.85,120,502.45,80,0,1280
FINNIFTY02JAN2420950CE.NFO,02/01/2024,09:37:29,501.7,501.3,40,503.4,120,0,1280
FINNIFTY02JAN2420950CE.NFO,02/01/2024,09:37:31,501.7,502.95,120,505.2,40,0,1280
FINNIFTY02JAN2420950CE.NFO,02/01/2024,09:37:33,501.7,503.15,120,505.2,280,0,1280
FINNIFTY02JAN2420950CE.NFO,02/01/2024,09:37:34,501.7,503.35,120,504.85,40,0,1280
FINNIFTY02JAN2420950CE.NFO,02/01/2024,09:37:36,501.7,502.6,120,504.35,120,0,1280
FINNIFTY02JAN2420950CE.NFO,02/01/2024,09:37:38,501.7,500.8,120,502.85,40,0,1280
FINNIFTY02JAN2420950CE.NFO,02/01/2024,09:37:39,501.7,501.7,40,503.95,360,0,1280
FINNIFTY02JAN2420950CE.NFO,02/01/2024,09:37:41,501.7,502.85,120,504.95,240,0,1280
FINNIFTY02JAN2420950CE.NFO,02/01/2024,09:37:43,501.7,502.75,120,505,240,0,1280
FINNIFTY02JAN2420950CE.NFO,02/01/2024,09:37:44,501.7,500.9,40,503.15,80,0,1280
FINNIFTY02JAN2420950CE.NFO,02/01/2024,09:37:46,501.7,500.55,40,502.65,200,0,1280
FINNIFTY02JAN2420950CE.NFO,02/01/2024,09:37:48,501.7,500.75,120,502.7,840,0,1280
FINNIFTY02JAN2420950CE.NFO,02/01/2024,09:37:49,501.7,501.15,360,503.35,200,0,1280
FINNIFTY02JAN2420950CE.NFO,02/01/2024,09:37:51,501.7,501.5,120,503.4,120,0,1280
FINNIFTY02JAN2420950CE.NFO,02/01/2024,09:37:53,501.7,500.45,40,502.95,560,0,1280
FINNIFTY02JAN2420950CE.NFO,02/01/2024,09:37:54,501.7,502,120,503.9,40,0,1280
FINNIFTY02JAN2420950CE.NFO,02/01/2024,09:37:56,501.7,502.2,120,505.4,80,0,1280
FINNIFTY02JAN2420950CE.NFO,02/01/2024,09:37:58,501.7,502.3,120,503.9,40,0,1280
FINNIFTY02JAN2420950CE.NFO,02/01/2024,09:37:59,501.7,501.5,120,503.3,40,0,1280
FINNIFTY02JAN2420950CE.NFO,02/01/2024,09:38:01,501.7,501.8,120,503.65,440,0,1280
FINNIFTY02JAN2420950CE.NFO,02/01/2024,09:38:03,501.7,502.35,40,504.2,560,0,1280
FINNIFTY02JAN2420950CE.NFO,02/01/2024,09:38:04,501.7,501.3,80,503.4,40,0,1280
FINNIFTY02JAN2420950CE.NFO,02/01/2024,09:38:06,501.7,501.4,120,502.95,40,0,1280
FINNIFTY02JAN2420950CE.NFO,02/01/2024,09:38:08,501.7,501.4,40,502.8,40,0,1280
FINNIFTY02JAN2420950CE.NFO,02/01/2024,09:38:09,501.7,500.5,760,502.75,200,0,1280
FINNIFTY02JAN2420950CE.NFO,02/01/2024,09:38:11,501.7,499.45,280,502.1,80,0,1280
FINNIFTY02JAN2420950CE.NFO,02/01/2024,09:38:13,501.7,500.3,120,502.4,240,0,1280
FINNIFTY02JAN2420950CE.NFO,02/01/2024,09:38:14,501.7,501.2,120,503.6,200,0,1280
FINNIFTY02JAN2420950CE.NFO,02/01/2024,09:38:16,501.7,501.95,120,503.75,120,0,1280
FINNIFTY02JAN2420950CE.NFO,02/01/2024,09:38:18,501.7,501.2,120,503.05,200,0,1280
FINNIFTY02JAN2420950CE.NFO,02/01/2024,09:38:19,501.7,501.7,40,503.65,120,0,1280
FINNIFTY02JAN2420950CE.NFO,02/01/2024,09:38:21,501.7,502.95,40,504.85,40,0,1280
FINNIFTY02JAN2420950CE.NFO,02/01/2024,09:38:23,501.7,503.6,120,505.65,680,0,1280
FINNIFTY02JAN2420950CE.NFO,02/01/2024,09:38:24,501.7,502.85,40,504.8,120,0,1280
FINNIFTY02JAN2420950CE.NFO,02/01/2024,09:38:26,501.7,503.2,40,505.2,40,0,1280
FINNIFTY02JAN2420950CE.NFO,02/01/2024,09:38:28,501.7,504.6,120,506.5,40,0,1280
FINNIFTY02JAN2420950CE.NFO,02/01/2024,09:38:29,501.7,504.5,40,506.7,160,0,1280
FINNIFTY02JAN2420950CE.NFO,02/01/2024,09:38:31,501.7,504.55,120,506.05,40,0,1280
FINNIFTY02JAN2420950CE.NFO,02/01/2024,09:38:33,501.7,504.7,120,506.55,120,0,1280
FINNIFTY02JAN2420950CE.NFO,02/01/2024,09:38:34,501.7,503.25,40,505.35,200,0,1280
FINNIFTY02JAN2420950CE.NFO,02/01/2024,09:38:36,501.7,502.8,120,504.9,240,0,1280
FINNIFTY02JAN2420950CE.NFO,02/01/2024,09:38:38,501.7,504.9,360,507.1,200,0,1280
FINNIFTY02JAN2420950CE.NFO,02/01/2024,09:38:39,501.7,505.05,40,507.05,120,0,1280
FINNIFTY02JAN2420950CE.NFO,02/01/2024,09:38:41,501.7,504.95,120,507.05,400,0,1280
FINNIFTY02JAN2420950CE.NFO,02/01/2024,09:38:43,501.7,504.35,120,506.2,80,0,1280
FINNIFTY02JAN2420950CE.NFO,02/01/2024,09:38:44,501.7,505,120,507.25,120,0,1280
FINNIFTY02JAN2420950CE.NFO,02/01/2024,09:38:46,501.7,504.05,120,505.9,40,0,1280
FINNIFTY02JAN2420950CE.NFO,02/01/2024,09:38:48,501.7,503.45,200,505.55,240,0,1280
FINNIFTY02JAN2420950CE.NFO,02/01/2024,09:38:49,501.7,503.95,160,505.8,560,0,1280
FINNIFTY02JAN2420950CE.NFO,02/01/2024,09:38:51,501.7,503.15,80,504.5,40,0,1280
FINNIFTY02JAN2420950CE.NFO,02/01/2024,09:38:53,501.7,504.35,440,506.6,680,0,1280
FINNIFTY02JAN2420950CE.NFO,02/01/2024,09:38:54,501.7,505.1,40,507,200,0,1280
FINNIFTY02JAN2420950CE.NFO,02/01/2024,09:38:56,501.7,505.85,120,507.9,80,0,1280
FINNIFTY02JAN2420950CE.NFO,02/01/2024,09:38:58,501.7,508.2,560,513.35,440,0,1280
FINNIFTY02JAN2420950CE.NFO,02/01/2024,09:38:59,501.7,508.85,40,512.2,680,0,1280
FINNIFTY02JAN2420950CE.NFO,02/01/2024,09:39:01,501.7,510.05,40,512.7,1480,0,1280
FINNIFTY02JAN2420950CE.NFO,02/01/2024,09:39:03,501.7,512.75,360,520.1,360,0,1280
FINNIFTY02JAN2420950CE.NFO,02/01/2024,09:39:04,501.7,512.6,120,515.2,840,0,1280
FINNIFTY02JAN2420950CE.NFO,02/01/2024,09:39:06,501.7,512.65,160,515.15,120,0,1280
FINNIFTY02JAN2420950CE.NFO,02/01/2024,09:39:08,501.7,512.75,120,515.25,200,0,1280
FINNIFTY02JAN2420950CE.NFO,02/01/2024,09:39:09,501.7,511.35,80,513.1,80,0,1280
FINNIFTY02JAN2420950CE.NFO,02/01/2024,09:39:11,501.7,510.8,80,512.95,200,0,1280
FINNIFTY02JAN2420950CE.NFO,02/01/2024,09:39:13,501.7,511.1,40,513,40,0,1280
FINNIFTY02JAN2420950CE.NFO,02/01/2024,09:39:14,501.7,511.3,40,513.2,200,0,1280
FINNIFTY02JAN2420950CE.NFO,02/01/2024,09:39:16,501.7,505.45,200,511.85,240,0,1280
FINNIFTY02JAN2420950CE.NFO,02/01/2024,09:39:18,501.7,508.25,280,510.65,120,0,1280
FINNIFTY02JAN2420950CE.NFO,02/01/2024,09:39:19,501.7,509.35,40,517.3,40,0,1280
FINNIFTY02JAN2420950CE.NFO,02/01/2024,09:39:21,501.7,510.45,40,512.6,120,0,1280
FINNIFTY02JAN2420950CE.NFO,02/01/2024,09:39:23,501.7,511.05,120,513.25,200,0,1280
FINNIFTY02JAN2420950CE.NFO,02/01/2024,09:39:24,501.7,510.25,40,512.3,400,0,1280
FINNIFTY02JAN2420950CE.NFO,02/01/2024,09:39:26,501.7,511.25,120,513.75,40,0,1280
FINNIFTY02JAN2420950CE.NFO,02/01/2024,09:39:28,501.7,512.1,80,514.45,280,0,1280
FINNIFTY02JAN2420950CE.NFO,02/01/2024,09:39:29,501.7,511.25,160,513.7,160,0,1280
FINNIFTY02JAN2420950CE.NFO,02/01/2024,09:39:31,501.7,511.05,40,512.55,80,0,1280
FINNIFTY02JAN2420950CE.NFO,02/01/2024,09:39:33,501.7,510.25,120,512.35,200,0,1280
FINNIFTY02JAN2420950CE.NFO,02/01/2024,09:39:34,501.7,510.55,80,512.8,40,0,1280
FINNIFTY02JAN2420950CE.NFO,02/01/2024,09:39:36,501.7,509.6,80,511.2,120,0,1280
FINNIFTY02JAN2420950CE.NFO,02/01/2024,09:39:38,501.7,509.2,120,511.25,120,0,1280
FINNIFTY02JAN2420950CE.NFO,02/01/2024,09:39:39,501.7,509.95,200,512.1,40,0,1280
FINNIFTY02JAN2420950CE.NFO,02/01/2024,09:39:41,501.7,510.5,120,512.9,200,0,1280
FINNIFTY02JAN2420950CE.NFO,02/01/2024,09:39:43,501.7,511.3,40,513.55,200,0,1280
FINNIFTY02JAN2420950CE.NFO,02/01/2024,09:39:44,501.7,513.15,440,516.25,40,0,1280
FINNIFTY02JAN2420950CE.NFO,02/01/2024,09:39:46,501.7,515.3,360,518.25,200,0,1280
FINNIFTY02JAN2420950CE.NFO,02/01/2024,09:39:48,501.7,513.1,80,517.2,200,0,1280
FINNIFTY02JAN2420950CE.NFO,02/01/2024,09:39:49,501.7,514.5,80,516.85,80,0,1280
FINNIFTY02JAN2420950CE.NFO,02/01/2024,09:39:51,501.7,515,80,517.45,80,0,1280
FINNIFTY02JAN2420950CE.NFO,02/01/2024,09:39:53,501.7,514.05,120,516.5,360,0,1280
FINNIFTY02JAN2420950CE.NFO,02/01/2024,09:39:54,501.7,514.4,120,517,40,0,1280
FINNIFTY02JAN2420950CE.NFO,02/01/2024,09:39:56,501.7,513.65,120,515.95,40,0,1280
FINNIFTY02JAN2420950CE.NFO,02/01/2024,09:39:58,501.7,513.75,120,515.5,200,0,1280
FINNIFTY02JAN2420950CE.NFO,02/01/2024,09:39:59,501.7,512.85,40,515,560,0,1280
FINNIFTY02JAN2420950CE.NFO,02/01/2024,09:40:01,501.7,511.75,40,513.8,480,0,1280
FINNIFTY02JAN2420950CE.NFO,02/01/2024,09:40:03,501.7,514.65,40,517,1120,0,1280
FINNIFTY02JAN2420950CE.NFO,02/01/2024,09:40:04,501.7,514.25,40,516.55,80,0,1280
FINNIFTY02JAN2420950CE.NFO,02/01/2024,09:40:06,501.7,512.6,40,514.8,160,0,1280
FINNIFTY02JAN2420950CE.NFO,02/01/2024,09:40:08,501.7,512.8,120,515.05,120,0,1280
FINNIFTY02JAN2420950CE.NFO,02/01/2024,09:40:09,501.7,512,120,514.55,80,0,1280
FINNIFTY02JAN2420950CE.NFO,02/01/2024,09:40:11,501.7,512.1,120,513.8,40,0,1280
FINNIFTY02JAN2420950CE.NFO,02/01/2024,09:40:13,501.7,512.1,120,513.8,200,0,1280
FINNIFTY02JAN2420950CE.NFO,02/01/2024,09:40:14,501.7,512.2,120,514.1,200,0,1280
FINNIFTY02JAN2420950CE.NFO,02/01/2024,09:40:16,501.7,512.65,80,515.45,80,0,1280
FINNIFTY02JAN2420950CE.NFO,02/01/2024,09:40:18,501.7,513.75,80,516.4,1080,0,1280
FINNIFTY02JAN2420950CE.NFO,02/01/2024,09:40:19,501.7,515,120,516.7,40,0,1280
FINNIFTY02JAN2420950CE.NFO,02/01/2024,09:40:21,501.7,514.15,80,516.55,240,0,1280
FINNIFTY02JAN2420950CE.NFO,02/01/2024,09:40:23,501.7,513.8,40,516,160,0,1280
FINNIFTY02JAN2420950CE.NFO,02/01/2024,09:40:24,501.7,513.95,120,515.7,80,0,1280
FINNIFTY02JAN2420950CE.NFO,02/01/2024,09:40:26,501.7,512.8,80,514.4,200,0,1280
FINNIFTY02JAN2420950CE.NFO,02/01/2024,09:40:28,501.7,511.1,120,512.75,200,0,1280
FINNIFTY02JAN2420950CE.NFO,02/01/2024,09:40:29,501.7,510.95,40,513.65,40,0,1280
FINNIFTY02JAN2420950CE.NFO,02/01/2024,09:40:31,501.7,511,240,512.6,40,0,1280
FINNIFTY02JAN2420950CE.NFO,02/01/2024,09:40:33,501.7,510.2,120,512.05,200,0,1280
FINNIFTY02JAN2420950CE.NFO,02/01/2024,09:40:34,501.7,510.55,40,512.5,120,0,1280
FINNIFTY02JAN2420950CE.NFO,02/01/2024,09:40:36,501.7,511.45,40,513.6,80,0,1280
FINNIFTY02JAN2420950CE.NFO,02/01/2024,09:40:38,501.7,511.3,40,513.3,40,0,1280
FINNIFTY02JAN2420950CE.NFO,02/01/2024,09:40:39,501.7,511.35,120,513.15,120,0,1280
FINNIFTY02JAN2420950CE.NFO,02/01/2024,09:40:41,501.7,510.4,40,512.9,120,0,1280
FINNIFTY02JAN2420950CE.NFO,02/01/2024,09:40:43,501.7,509.35,40,511.15,320,0,1280
FINNIFTY02JAN2420950CE.NFO,02/01/2024,09:40:45,501.7,509.1,120,510.85,440,0,1280
FINNIFTY02JAN2420950CE.NFO,02/01/2024,09:40:46,501.7,507.3,40,509.55,80,0,1280
FINNIFTY02JAN2420950CE.NFO,02/01/2024,09:40:48,501.7,507.65,120,509.55,320,0,1280
FINNIFTY02JAN2420950CE.NFO,02/01/2024,09:40:50,501.7,508.25,40,510.6,600,0,1280
FINNIFTY02JAN2420950CE.NFO,02/01/2024,09:40:51,501.7,508.7,40,510.85,400,0,1280
FINNIFTY02JAN2420950CE.NFO,02/01/2024,09:40:53,501.7,509.3,120,511.25,80,0,1280
FINNIFTY02JAN2420950CE.NFO,02/01/2024,09:40:55,501.7,510.7,120,512.65,480,0,1280
FINNIFTY02JAN2420950CE.NFO,02/01/2024,09:40:56,501.7,509.7,120,511.9,1480,0,1280
FINNIFTY02JAN2420950CE.NFO,02/01/2024,09:40:58,501.7,509,40,511.35,120,0,1280
FINNIFTY02JAN2420950CE.NFO,02/01/2024,09:41:00,501.7,511,80,516.95,160,0,1280
FINNIFTY02JAN2420950CE.NFO,02/01/2024,09:41:01,501.7,509.4,40,512.2,2760,0,1280
FINNIFTY02JAN2420950CE.NFO,02/01/2024,09:41:03,501.7,509.4,120,511.2,400,0,1280
FINNIFTY02JAN2420950CE.NFO,02/01/2024,09:41:05,501.7,509.55,120,511.35,200,0,1280
FINNIFTY02JAN2420950CE.NFO,02/01/2024,09:41:06,501.7,510.05,120,511.9,80,0,1280
FINNIFTY02JAN2420950CE.NFO,02/01/2024,09:41:08,501.7,510.3,120,512.1,40,0,1280
FINNIFTY02JAN2420950CE.NFO,02/01/2024,09:41:10,501.7,509.35,120,511.1,40,0,1280
FINNIFTY02JAN2420950CE.NFO,02/01/2024,09:41:11,501.7,508.3,120,510.3,120,0,1280
FINNIFTY02JAN2420950CE.NFO,02/01/2024,09:41:13,501.7,508.35,200,510.7,1680,0,1280
FINNIFTY02JAN2420950CE.NFO,02/01/2024,09:41:15,501.7,509.1,40,511,1040,0,1280
FINNIFTY02JAN2420950CE.NFO,02/01/2024,09:41:16,501.7,509.15,120,510.95,40,0,1280
FINNIFTY02JAN2420950CE.NFO,02/01/2024,09:41:18,501.7,509.15,40,510.55,320,0,1280
FINNIFTY02JAN2420950CE.NFO,02/01/2024,09:41:20,501.7,508.45,40,510.85,4320,0,1280
FINNIFTY02JAN2420950CE.NFO,02/01/2024,09:41:21,501.7,509.55,40,511.85,120,0,1280
FINNIFTY02JAN2420950CE.NFO,02/01/2024,09:41:23,501.7,510.15,120,512.25,920,0,1280
FINNIFTY02JAN2420950CE.NFO,02/01/2024,09:41:25,501.7,510.25,120,512.15,480,0,1280
FINNIFTY02JAN2420950CE.NFO,02/01/2024,09:41:26,501.7,509.85,40,511.9,560,0,1280
FINNIFTY02JAN2420950CE.NFO,02/01/2024,09:41:28,501.7,510.15,120,511.95,280,0,1280
FINNIFTY02JAN2420950CE.NFO,02/01/2024,09:41:30,501.7,509.5,120,511.45,120,0,1280
FINNIFTY02JAN2420950CE.NFO,02/01/2024,09:41:31,501.7,509.55,40,511.8,40,0,1280
FINNIFTY02JAN2420950CE.NFO,02/01/2024,09:41:33,501.7,509.9,120,512.2,120,0,1280
FINNIFTY02JAN2420950CE.NFO,02/01/2024,09:41:35,501.7,510.05,120,511.85,240,0,1280
FINNIFTY02JAN2420950CE.NFO,02/01/2024,09:41:36,501.7,509.2,120,511.25,160,0,1280
FINNIFTY02JAN2420950CE.NFO,02/01/2024,09:41:38,501.7,508.5,280,510.55,120,0,1280
FINNIFTY02JAN2420950CE.NFO,02/01/2024,09:41:40,501.7,508.8,120,510.55,120,0,1280
FINNIFTY02JAN2420950CE.NFO,02/01/2024,09:41:41,501.7,510.1,120,511.9,120,0,1280
FINNIFTY02JAN2420950CE.NFO,02/01/2024,09:41:43,501.7,510.2,120,511.85,360,0,1280
FINNIFTY02JAN2420950CE.NFO,02/01/2024,09:41:45,501.7,510.4,120,512.25,40,0,1280
FINNIFTY02JAN2420950CE.NFO,02/01/2024,09:41:46,501.7,510.6,120,512.35,200,0,1280
FINNIFTY02JAN2420950CE.NFO,02/01/2024,09:41:48,501.7,510,40,511.7,120,0,1280
FINNIFTY02JAN2420950CE.NFO,02/01/2024,09:41:50,501.7,510.05,120,511.65,240,0,1280
FINNIFTY02JAN2420950CE.NFO,02/01/2024,09:41:51,501.7,509.15,120,511.1,40,0,1280
FINNIFTY02JAN2420950CE.NFO,02/01/2024,09:41:53,501.7,509.05,200,510.8,120,0,1280
FINNIFTY02JAN2420950CE.NFO,02/01/2024,09:41:55,501.7,509.2,160,511.2,320,0,1280
FINNIFTY02JAN2420950CE.NFO,02/01/2024,09:41:56,501.7,509.3,120,511.05,440,0,1280
FINNIFTY02JAN2420950CE.NFO,02/01/2024,09:41:58,501.7,509.35,80,511.05,120,0,1280
FINNIFTY02JAN2420950CE.NFO,02/01/2024,09:42:00,501.7,508.6,120,510.65,120,0,1280
FINNIFTY02JAN2420950CE.NFO,02/01/2024,09:42:01,501.7,505.7,160,508.3,40,0,1280
FINNIFTY02JAN2420950CE.NFO,02/01/2024,09:42:03,501.7,505.4,40,508.2,40,0,1280
FINNIFTY02JAN2420950CE.NFO,02/01/2024,09:42:05,501.7,505.7,120,507.8,200,0,1280
FINNIFTY02JAN2420950CE.NFO,02/01/2024,09:42:06,501.7,503.6,40,505.45,120,0,1280
FINNIFTY02JAN2420950CE.NFO,02/01/2024,09:42:08,501.7,503.6,120,505.65,80,0,1280
FINNIFTY02JAN2420950CE.NFO,02/01/2024,09:42:10,501.7,504.8,40,507.15,480,0,1280
FINNIFTY02JAN2420950CE.NFO,02/01/2024,09:42:11,501.7,505.1,40,507,120,0,1280
FINNIFTY02JAN2420950CE.NFO,02/01/2024,09:42:13,501.7,504.3,200,506.5,120,0,1280
FINNIFTY02JAN2420950CE.NFO,02/01/2024,09:42:15,501.7,504.7,120,506.6,320,0,1280
FINNIFTY02JAN2420950CE.NFO,02/01/2024,09:42:16,501.7,504.8,40,506.75,920,0,1280
FINNIFTY02JAN2420950CE.NFO,02/01/2024,09:42:18,501.7,505.3,40,507.3,280,0,1280
FINNIFTY02JAN2420950CE.NFO,02/01/2024,09:42:20,501.7,506.45,120,508.4,400,0,1280
FINNIFTY02JAN2420950CE.NFO,02/01/2024,09:42:21,501.7,505.65,120,507.35,160,0,1280
FINNIFTY02JAN2420950CE.NFO,02/01/2024,09:42:23,501.7,505.05,120,506.8,40,0,1280
FINNIFTY02JAN2420950CE.NFO,02/01/2024,09:42:25,501.7,505.2,40,507.05,120,0,1280
FINNIFTY02JAN2420950CE.NFO,02/01/2024,09:42:26,501.7,505,40,507.25,40,0,1280
FINNIFTY02JAN2420950CE.NFO,02/01/2024,09:42:28,501.7,504.45,280,506.8,40,0,1280
FINNIFTY02JAN2420950CE.NFO,02/01/2024,09:42:30,501.7,505.55,40,507.65,800,0,1280
FINNIFTY02JAN2420950CE.NFO,02/01/2024,09:42:31,501.7,506.25,160,508.25,120,0,1280
FINNIFTY02JAN2420950CE.NFO,02/01/2024,09:42:33,501.7,506.15,40,508.15,160,0,1280
FINNIFTY02JAN2420950CE.NFO,02/01/2024,09:42:35,501.7,505.65,120,507.6,120,0,1280
FINNIFTY02JAN2420950CE.NFO,02/01/2024,09:42:36,501.7,505.85,120,507.9,200,0,1280
FINNIFTY02JAN2420950CE.NFO,02/01/2024,09:42:38,501.7,506.35,40,508.65,40,0,1280
FINNIFTY02JAN2420950CE.NFO,02/01/2024,09:42:40,501.7,507.35,120,509,120,0,1280
FINNIFTY02JAN2420950CE.NFO,02/01/2024,09:42:41,501.7,506.55,40,508.45,120,0,1280
FINNIFTY02JAN2420950CE.NFO,02/01/2024,09:42:43,501.7,507.1,120,508.7,80,0,1280
FINNIFTY02JAN2420950CE.NFO,02/01/2024,09:42:45,501.7,507.5,120,509.65,160,0,1280
FINNIFTY02JAN2420950CE.NFO,02/01/2024,09:42:46,501.7,506.7,160,508.75,40,0,1280
FINNIFTY02JAN2420950CE.NFO,02/01/2024,09:42:48,501.7,507.35,80,509.45,720,0,1280
FINNIFTY02JAN2420950CE.NFO,02/01/2024,09:42:50,501.7,507.45,120,509,200,0,1280
FINNIFTY02JAN2420950CE.NFO,02/01/2024,09:42:51,501.7,507.9,80,509.95,80,0,1280
FINNIFTY02JAN2420950CE.NFO,02/01/2024,09:42:53,501.7,509.4,160,511.7,120,0,1280
FINNIFTY02JAN2420950CE.NFO,02/01/2024,09:42:55,501.7,509.6,120,511.5,960,0,1280
FINNIFTY02JAN2420950CE.NFO,02/01/2024,09:42:57,501.7,509.8,120,511.55,120,0,1280
FINNIFTY02JAN2420950CE.NFO,02/01/2024,09:42:58,501.7,510.1,120,512.05,120,0,1280
FINNIFTY02JAN2420950CE.NFO,02/01/2024,09:43:00,501.7,508.65,40,511.6,80,0,1280
FINNIFTY02JAN2420950CE.NFO,02/01/2024,09:43:02,501.7,508.4,120,510.7,40,0,1280
FINNIFTY02JAN2420950CE.NFO,02/01/2024,09:43:03,501.7,509,40,511.15,80,0,1280
FINNIFTY02JAN2420950CE.NFO,02/01/2024,09:43:05,501.7,510.25,120,512.2,120,0,1280
FINNIFTY02JAN2420950CE.NFO,02/01/2024,09:43:07,501.7,509.65,120,511.5,3120,0,1280
FINNIFTY02JAN2420950CE.NFO,02/01/2024,09:43:08,501.7,509.65,80,511.15,240,0,1280
FINNIFTY02JAN2420950CE.NFO,02/01/2024,09:43:10,501.7,508.65,120,510.35,40,0,1280
FINNIFTY02JAN2420950CE.NFO,02/01/2024,09:43:12,501.7,507.95,120,509.8,440,0,1280
FINNIFTY02JAN2420950CE.NFO,02/01/2024,09:43:13,501.7,506.25,120,508,80,0,1280
FINNIFTY02JAN2420950CE.NFO,02/01/2024,09:43:15,501.7,506.3,120,508.05,200,0,1280
FINNIFTY02JAN2420950CE.NFO,02/01/2024,09:43:17,501.7,506.4,120,508.2,520,0,1280
FINNIFTY02JAN2420950CE.NFO,02/01/2024,09:43:18,501.7,505.55,120,507.3,200,0,1280
FINNIFTY02JAN2420950CE.NFO,02/01/2024,09:43:20,501.7,505.05,120,506.95,40,0,1280
FINNIFTY02JAN2420950CE.NFO,02/01/2024,09:43:22,501.7,505.15,120,506.95,200,0,1280
FINNIFTY02JAN2420950CE.NFO,02/01/2024,09:43:23,501.7,505.15,120,506.7,120,0,1280
FINNIFTY02JAN2420950CE.NFO,02/01/2024,09:43:25,501.7,504.2,40,506.35,40,0,1280
FINNIFTY02JAN2420950CE.NFO,02/01/2024,09:43:27,501.7,503.05,40,505.05,40,0,1280
FINNIFTY02JAN2420950CE.NFO,02/01/2024,09:43:28,501.7,503.1,40,505.25,80,0,1280
FINNIFTY02JAN2420950CE.NFO,02/01/2024,09:43:30,501.7,503.95,120,505.65,120,0,1280
FINNIFTY02JAN2420950CE.NFO,02/01/2024,09:43:32,501.7,504.45,120,506.7,40,0,1280
FINNIFTY02JAN2420950CE.NFO,02/01/2024,09:43:33,501.7,501.15,40,503.35,120,0,1280
FINNIFTY02JAN2420950CE.NFO,02/01/2024,09:43:35,501.7,502.2,80,504.7,40,0,1280
FINNIFTY02JAN2420950CE.NFO,02/01/2024,09:43:37,501.7,500.65,120,502.85,400,0,1280
FINNIFTY02JAN2420950CE.NFO,02/01/2024,09:43:38,501.7,498.65,80,501,200,0,1280
FINNIFTY02JAN2420950CE.NFO,02/01/2024,09:43:40,501.7,500.6,120,502.7,40,0,1280
FINNIFTY02JAN2420950CE.NFO,02/01/2024,09:43:42,501.7,500.65,120,502.15,40,0,1280
FINNIFTY02JAN2420950CE.NFO,02/01/2024,09:43:43,501.7,499.65,80,501.85,80,0,1280
FINNIFTY02JAN2420950CE.NFO,02/01/2024,09:43:45,501.7,500.25,40,502.75,360,0,1280
FINNIFTY02JAN2420950CE.NFO,02/01/2024,09:43:47,501.7,501.3,560,508.05,280,0,1280
FINNIFTY02JAN2420950CE.NFO,02/01/2024,09:43:48,501.7,502.6,40,504.75,360,0,1280
FINNIFTY02JAN2420950CE.NFO,02/01/2024,09:43:50,501.7,502.8,120,504.65,80,0,1280
FINNIFTY02JAN2420950CE.NFO,02/01/2024,09:43:52,501.7,502.1,120,503.75,200,0,1280
FINNIFTY02JAN2420950CE.NFO,02/01/2024,09:43:53,501.7,500.7,160,503.15,360,0,1280
FINNIFTY02JAN2420950CE.NFO,02/01/2024,09:43:55,501.7,500.9,120,502.75,200,0,1280
FINNIFTY02JAN2420950CE.NFO,02/01/2024,09:43:57,501.7,500.95,120,502.9,200,0,1280
FINNIFTY02JAN2420950CE.NFO,02/01/2024,09:43:58,501.7,501.05,80,503.05,40,0,1280
FINNIFTY02JAN2420950CE.NFO,02/01/2024,09:44:00,501.7,502,80,504.6,360,0,1280
FINNIFTY02JAN2420950CE.NFO,02/01/2024,09:44:02,501.7,499.45,40,501.5,400,0,1280
FINNIFTY02JAN2420950CE.NFO,02/01/2024,09:44:03,501.7,497.7,80,500.8,360,0,1280
FINNIFTY02JAN2420950CE.NFO,02/01/2024,09:44:05,501.7,497.6,120,499.5,200,0,1280
FINNIFTY02JAN2420950CE.NFO,02/01/2024,09:44:07,501.7,498.1,160,500.4,40,0,1280
FINNIFTY02JAN2420950CE.NFO,02/01/2024,09:44:08,501.7,498.15,120,500,40,0,1280
FINNIFTY02JAN2420950CE.NFO,02/01/2024,09:44:10,501.7,497.4,120,499.55,1800,0,1280
FINNIFTY02JAN2420950CE.NFO,02/01/2024,09:44:12,501.7,498.05,40,500.15,200,0,1280
FINNIFTY02JAN2420950CE.NFO,02/01/2024,09:44:13,501.7,498.2,40,500.6,440,0,1280
FINNIFTY02JAN2420950CE.NFO,02/01/2024,09:44:15,501.7,498.6,120,500.55,120,0,1280
FINNIFTY02JAN2420950CE.NFO,02/01/2024,09:44:17,501.7,498.25,120,500,40,0,1280
FINNIFTY02JAN2420950CE.NFO,02/01/2024,09:44:18,501.7,495.4,40,498.1,40,0,1280
FINNIFTY02JAN2420950CE.NFO,02/01/2024,09:44:20,501.7,495.9,160,498.1,160,0,1280
FINNIFTY02JAN2420950CE.NFO,02/01/2024,09:44:22,501.7,497.6,120,499.2,80,0,1280
FINNIFTY02JAN2420950CE.NFO,02/01/2024,09:44:23,501.7,497.55,120,499.8,120,0,1280
FINNIFTY02JAN2420950CE.NFO,02/01/2024,09:44:25,501.7,497.45,40,499.55,280,0,1280
FINNIFTY02JAN2420950CE.NFO,02/01/2024,09:44:27,501.7,497.9,120,500,440,0,1280
FINNIFTY02JAN2420950CE.NFO,02/01/2024,09:44:28,501.7,498.65,120,500.6,80,0,1280
FINNIFTY02JAN2420950CE.NFO,02/01/2024,09:44:30,501.7,497.85,120,500,320,0,1280
FINNIFTY02JAN2420950CE.NFO,02/01/2024,09:44:31,501.7,498.75,120,500.95,40,0,1280
FINNIFTY02JAN2420950CE.NFO,02/01/2024,09:44:33,501.7,498.2,120,500.1,120,0,1280
FINNIFTY02JAN2420950CE.NFO,02/01/2024,09:44:35,501.7,497.25,120,498.8,120,0,1280
FINNIFTY02JAN2420950CE.NFO,02/01/2024,09:44:36,501.7,496.9,40,498.85,120,0,1280
FINNIFTY02JAN2420950CE.NFO,02/01/2024,09:44:38,501.7,497.8,40,500,120,0,1280
FINNIFTY02JAN2420950CE.NFO,02/01/2024,09:44:40,501.7,497.9,120,499.75,40,0,1280
FINNIFTY02JAN2420950CE.NFO,02/01/2024,09:44:41,501.7,498.85,40,500.95,120,0,1280
FINNIFTY02JAN2420950CE.NFO,02/01/2024,09:44:43,501.7,499.2,40,501.45,40,0,1280
FINNIFTY02JAN2420950CE.NFO,02/01/2024,09:44:45,501.7,499.4,120,501.1,40,0,1280
FINNIFTY02JAN2420950CE.NFO,02/01/2024,09:44:46,501.7,498.45,120,500.55,480,0,1280
FINNIFTY02JAN2420950CE.NFO,02/01/2024,09:44:48,501.7,497.5,520,499.7,120,0,1280
FINNIFTY02JAN2420950CE.NFO,02/01/2024,09:44:50,501.7,497.95,120,499.9,400,0,1280
FINNIFTY02JAN2420950CE.NFO,02/01/2024,09:44:51,501.7,498.2,120,500.5,840,0,1280
FINNIFTY02JAN2420950CE.NFO,02/01/2024,09:44:53,501.7,498.3,120,499.8,40,0,1280
FINNIFTY02JAN2420950CE.NFO,02/01/2024,09:44:55,501.7,498.55,120,500.4,80,0,1280
FINNIFTY02JAN2420950CE.NFO,02/01/2024,09:44:56,501.7,497.95,120,499.6,120,0,1280
FINNIFTY02JAN2420950CE.NFO,02/01/2024,09:44:58,501.7,497.3,40,499.15,80,0,1280
FINNIFTY02JAN2420950CE.NFO,02/01/2024,09:45:00,501.7,497.3,120,499.2,400,0,1280
FINNIFTY02JAN2420950CE.NFO,02/01/2024,09:45:02,501.7,495.7,40,497.95,200,0,1280
FINNIFTY02JAN2420950CE.NFO,02/01/2024,09:45:03,501.7,496.15,40,499,40,0,1280
FINNIFTY02JAN2420950CE.NFO,02/01/2024,09:45:05,501.7,498.05,120,500.65,200,0,1280
FINNIFTY02JAN2420950CE.NFO,02/01/2024,09:45:07,501.7,496.65,120,498.35,480,0,1280
FINNIFTY02JAN2420950CE.NFO,02/01/2024,09:45:08,501.7,496.1,160,497.95,120,0,1280
FINNIFTY02JAN2420950CE.NFO,02/01/2024,09:45:10,501.7,496.7,160,498.65,120,0,1280
FINNIFTY02JAN2420950CE.NFO,02/01/2024,09:45:12,501.7,497.6,80,499.7,120,0,1280
FINNIFTY02JAN2420950CE.NFO,02/01/2024,09:45:13,501.7,496.3,360,499.25,160,0,1280
FINNIFTY02JAN2420950CE.NFO,02/01/2024,09:45:15,501.7,496.6,40,499.15,120,0,1280
FINNIFTY02JAN2420950CE.NFO,02/01/2024,09:45:17,501.7,497.55,120,499.4,920,0,1280
FINNIFTY02JAN2420950CE.NFO,02/01/2024,09:45:18,501.7,496.85,80,498.35,80,0,1280
FINNIFTY02JAN2420950CE.NFO,02/01/2024,09:45:20,501.7,496.45,120,498.35,640,0,1280
FINNIFTY02JAN2420950CE.NFO,02/01/2024,09:45:22,501.7,495.95,120,497.95,200,0,1280
FINNIFTY02JAN2420950CE.NFO,02/01/2024,09:45:23,501.7,495.1,40,497.7,240,0,1280
FINNIFTY02JAN2420950CE.NFO,02/01/2024,09:45:25,501.7,494.5,120,496.55,200,0,1280
FINNIFTY02JAN2420950CE.NFO,02/01/2024,09:45:27,501.7,491.75,120,493.9,600,0,1280
FINNIFTY02JAN2420950CE.NFO,02/01/2024,09:45:28,501.7,492.65,40,495,40,0,1280
FINNIFTY02JAN2420950CE.NFO,02/01/2024,09:45:30,501.7,493,120,495.4,80,0,1280
FINNIFTY02JAN2420950CE.NFO,02/01/2024,09:45:31,501.7,493.85,160,498.3,40,0,1280
FINNIFTY02JAN2420950CE.NFO,02/01/2024,09:45:33,501.7,493.45,80,495.8,40,0,1280
FINNIFTY02JAN2420950CE.NFO,02/01/2024,09:45:35,501.7,494.35,120,496.1,120,0,1280
FINNIFTY02JAN2420950CE.NFO,02/01/2024,09:45:36,501.7,494.45,120,496.45,1120,0,1280
FINNIFTY02JAN2420950CE.NFO,02/01/2024,09:45:38,501.7,493.95,40,496.1,240,0,1280
FINNIFTY02JAN2420950CE.NFO,02/01/2024,09:45:40,501.7,494.2,120,496.15,920,0,1280
FINNIFTY02JAN2420950CE.NFO,02/01/2024,09:45:41,501.7,494.4,120,496.1,120,0,1280
FINNIFTY02JAN2420950CE.NFO,02/01/2024,09:45:43,501.7,494.3,40,495.75,80,0,1280
FINNIFTY02JAN2420950CE.NFO,02/01/2024,09:45:45,501.7,493.65,240,495.6,80,0,1280
FINNIFTY02JAN2420950CE.NFO,02/01/2024,09:45:46,501.7,492.9,80,494.85,40,0,1280
FINNIFTY02JAN2420950CE.NFO,02/01/2024,09:45:48,501.7,490.65,280,493.4,80,0,1280
FINNIFTY02JAN2420950CE.NFO,02/01/2024,09:45:50,501.7,490.95,120,493.15,120,0,1280
FINNIFTY02JAN2420950CE.NFO,02/01/2024,09:45:51,501.7,490.15,40,492.3,40,0,1280
FINNIFTY02JAN2420950CE.NFO,02/01/2024,09:45:53,501.7,490,120,492.1,240,0,1280
FINNIFTY02JAN2420950CE.NFO,02/01/2024,09:45:55,501.7,485.4,240,491.1,240,0,1280
FINNIFTY02JAN2420950CE.NFO,02/01/2024,09:45:56,501.7,488.2,360,491.55,160,0,1280
FINNIFTY02JAN2420950CE.NFO,02/01/2024,09:45:58,501.7,487.65,80,490.45,120,0,1280
FINNIFTY02JAN2420950CE.NFO,02/01/2024,09:46:00,501.7,487.4,40,489.75,80,0,1280
FINNIFTY02JAN2420950CE.NFO,02/01/2024,09:46:01,501.7,487.35,480,490.85,40,0,1280
FINNIFTY02JAN2420950CE.NFO,02/01/2024,09:46:03,501.7,486.6,40,489.45,80,0,1280
FINNIFTY02JAN2420950CE.NFO,02/01/2024,09:46:05,501.7,486,120,487.9,40,0,1280
FINNIFTY02JAN2420950CE.NFO,02/01/2024,09:46:06,501.7,484.65,520,487.15,200,0,1280
FINNIFTY02JAN2420950CE.NFO,02/01/2024,09:46:08,501.7,487.25,40,489.8,40,0,1280
FINNIFTY02JAN2420950CE.NFO,02/01/2024,09:46:10,501.7,486.9,120,488.6,320,0,1280
FINNIFTY02JAN2420950CE.NFO,02/01/2024,09:46:11,501.7,485.45,40,487.95,120,0,1280
FINNIFTY02JAN2420950CE.NFO,02/01/2024,09:46:13,501.7,486,40,488.25,160,0,1280
FINNIFTY02JAN2420950CE.NFO,02/01/2024,09:46:15,501.7,486.55,120,488.55,2480,0,1280
FINNIFTY02JAN2420950CE.NFO,02/01/2024,09:46:16,501.7,487.5,40,489.65,80,0,1280
FINNIFTY02JAN2420950CE.NFO,02/01/2024,09:46:18,501.7,488.15,160,490.45,560,0,1280
FINNIFTY02JAN2420950CE.NFO,02/01/2024,09:46:20,501.7,487.85,120,489.75,40,0,1280
FINNIFTY02JAN2420950CE.NFO,02/01/2024,09:46:21,501.7,487.75,40,489.9,80,0,1280
FINNIFTY02JAN2420950CE.NFO,02/01/2024,09:46:23,501.7,488.55,120,490.35,40,0,1280
FINNIFTY02JAN2420950CE.NFO,02/01/2024,09:46:25,501.7,488.9,120,490.85,440,0,1280
FINNIFTY02JAN2420950CE.NFO,02/01/2024,09:46:26,501.7,488.35,40,490.5,160,0,1280
FINNIFTY02JAN2420950CE.NFO,02/01/2024,09:46:28,501.7,489.05,40,491.7,40,0,1280
FINNIFTY02JAN2420950CE.NFO,02/01/2024,09:46:30,501.7,490.05,80,493,200,0,1280
FINNIFTY02JAN2420950CE.NFO,02/01/2024,09:46:31,501.7,490.25,120,492.55,240,0,1280
FINNIFTY02JAN2420950CE.NFO,02/01/2024,09:46:33,501.7,491.1,40,493.2,40,0,1280
FINNIFTY02JAN2420950CE.NFO,02/01/2024,09:46:35,501.7,491.3,120,493.3,680,0,1280
FINNIFTY02JAN2420950CE.NFO,02/01/2024,09:46:36,501.7,491.15,120,493.15,400,0,1280
FINNIFTY02JAN2420950CE.NFO,02/01/2024,09:46:38,501.7,490.15,40,492.25,200,0,1280
FINNIFTY02JAN2420950CE.NFO,02/01/2024,09:46:40,501.7,490.7,40,492.85,960,0,1280
FINNIFTY02JAN2420950CE.NFO,02/01/2024,09:46:41,501.7,491.3,40,493.3,80,0,1280
FINNIFTY02JAN2420950CE.NFO,02/01/2024,09:46:43,501.7,491.8,40,493.65,40,0,1280
FINNIFTY02JAN2420950CE.NFO,02/01/2024,09:46:45,501.7,492.25,120,494.1,40,0,1280
FINNIFTY02JAN2420950CE.NFO,02/01/2024,09:46:46,501.7,491.95,120,493.75,120,0,1280
FINNIFTY02JAN2420950CE.NFO,02/01/2024,09:46:48,501.7,492.35,120,494.55,80,0,1280
FINNIFTY02JAN2420950CE.NFO,02/01/2024,09:46:50,501.7,492.45,120,494.4,1160,0,1280
FINNIFTY02JAN2420950CE.NFO,02/01/2024,09:46:51,501.7,493.3,400,495.8,40,0,1280
FINNIFTY02JAN2420950CE.NFO,02/01/2024,09:46:53,501.7,493.55,40,495.6,40,0,1280
FINNIFTY02JAN2420950CE.NFO,02/01/2024,09:46:55,501.7,493.6,120,495.25,40,0,1280
FINNIFTY02JAN2420950CE.NFO,02/01/2024,09:46:56,501.7,493,40,495.3,720,0,1280
FINNIFTY02JAN2420950CE.NFO,02/01/2024,09:46:58,501.7,493.5,160,495.6,40,0,1280
FINNIFTY02JAN2420950CE.NFO,02/01/2024,09:47:00,501.7,493.55,80,494.95,120,0,1280
FINNIFTY02JAN2420950CE.NFO,02/01/2024,09:47:01,501.7,494.6,40,499.9,200,0,1280
FINNIFTY02JAN2420950CE.NFO,02/01/2024,09:47:03,501.7,497.05,40,499.45,240,0,1280
FINNIFTY02JAN2420950CE.NFO,02/01/2024,09:47:05,501.7,496.6,40,498.5,40,0,1280
FINNIFTY02JAN2420950CE.NFO,02/01/2024,09:47:07,501.7,494.55,80,496.65,280,0,1280
FINNIFTY02JAN2420950CE.NFO,02/01/2024,09:47:08,501.7,495.05,80,497.35,880,0,1280
FINNIFTY02JAN2420950CE.NFO,02/01/2024,09:47:10,501.7,495.9,40,497.65,240,0,1280
FINNIFTY02JAN2420950CE.NFO,02/01/2024,09:47:12,501.7,496.2,120,497.75,200,0,1280
FINNIFTY02JAN2420950CE.NFO,02/01/2024,09:47:13,501.7,496.3,120,498.25,120,0,1280
FINNIFTY02JAN2420950CE.NFO,02/01/2024,09:47:15,501.7,495.4,120,497.4,200,0,1280
FINNIFTY02JAN2420950CE.NFO,02/01/2024,09:47:17,501.7,495.6,160,497.75,40,0,1280
FINNIFTY02JAN2420950CE.NFO,02/01/2024,09:47:18,501.7,497.1,120,499.1,200,0,1280
FINNIFTY02JAN2420950CE.NFO,02/01/2024,09:47:20,501.7,496.4,40,498.25,40,0,1280
FINNIFTY02JAN2420950CE.NFO,02/01/2024,09:47:22,501.7,496.3,120,498.05,200,0,1280
FINNIFTY02JAN2420950CE.NFO,02/01/2024,09:47:23,501.7,497.1,120,498.85,400,0,1280
FINNIFTY02JAN2420950CE.NFO,02/01/2024,09:47:25,501.7,496.5,120,498.25,200,0,1280
FINNIFTY02JAN2420950CE.NFO,02/01/2024,09:47:27,501.7,496.7,120,498.6,40,0,1280
FINNIFTY02JAN2420950CE.NFO,02/01/2024,09:47:28,501.7,497.85,40,499.8,200,0,1280
FINNIFTY02JAN2420950CE.NFO,02/01/2024,09:47:30,501.7,498.55,40,500.6,40,0,1280
FINNIFTY02JAN2420950CE.NFO,02/01/2024,09:47:31,501.7,499.95,200,501.75,200,0,1280
FINNIFTY02JAN2420950CE.NFO,02/01/2024,09:47:33,501.7,499.35,80,501.65,200,0,1280
FINNIFTY02JAN2420950CE.NFO,02/01/2024,09:47:35,501.7,499.7,40,501.7,160,0,1280
FINNIFTY02JAN2420950CE.NFO,02/01/2024,09:47:36,501.7,499.8,120,501.6,200,0,1280
FINNIFTY02JAN2420950CE.NFO,02/01/2024,09:47:38,501.7,500.45,40,502.45,240,0,1280
FINNIFTY02JAN2420950CE.NFO,02/01/2024,09:47:40,501.7,498.65,40,501.75,120,0,1280
FINNIFTY02JAN2420950CE.NFO,02/01/2024,09:47:41,501.7,499.05,40,501.1,200,0,1280
FINNIFTY02JAN2420950CE.NFO,02/01/2024,09:47:43,501.7,499.95,120,501.8,200,0,1280
FINNIFTY02JAN2420950CE.NFO,02/01/2024,09:47:45,501.7,500.05,120,501.5,160,0,1280
FINNIFTY02JAN2420950CE.NFO,02/01/2024,09:47:46,501.7,498.3,320,500.5,200,0,1280
FINNIFTY02JAN2420950CE.NFO,02/01/2024,09:47:48,501.7,499.95,120,501.7,200,0,1280
FINNIFTY02JAN2420950CE.NFO,02/01/2024,09:47:50,501.7,500.4,120,502.05,200,0,1280
FINNIFTY02JAN2420950CE.NFO,02/01/2024,09:47:51,501.7,500.5,120,502.35,40,0,1280
FINNIFTY02JAN2420950CE.NFO,02/01/2024,09:47:53,501.7,497.6,120,499.85,200,0,1280
FINNIFTY02JAN2420950CE.NFO,02/01/2024,09:47:55,501.7,495.7,40,498.35,200,0,1280
FINNIFTY02JAN2420950CE.NFO,02/01/2024,09:47:56,501.7,497.3,120,499.65,120,0,1280
FINNIFTY02JAN2420950CE.NFO,02/01/2024,09:47:58,501.7,497.55,120,499.65,200,0,1280
FINNIFTY02JAN2420950CE.NFO,02/01/2024,09:48:00,501.7,498.25,40,500.4,400,0,1280
FINNIFTY02JAN2420950CE.NFO,02/01/2024,09:48:01,501.7,497.55,80,499.05,200,0,1280
FINNIFTY02JAN2420950CE.NFO,02/01/2024,09:48:03,501.7,496.9,120,498.75,80,0,1280
FINNIFTY02JAN2420950CE.NFO,02/01/2024,09:48:05,501.7,496.4,120,498.25,200,0,1280
FINNIFTY02JAN2420950CE.NFO,02/01/2024,09:48:06,501.7,495.35,120,497.3,240,0,1280
FINNIFTY02JAN2420950CE.NFO,02/01/2024,09:48:08,501.7,495.5,120,497.35,200,0,1280
FINNIFTY02JAN2420950CE.NFO,02/01/2024,09:48:10,501.7,495.1,40,497.2,200,0,1280
FINNIFTY02JAN2420950CE.NFO,02/01/2024,09:48:11,501.7,495.15,80,497.05,120,0,1280
FINNIFTY02JAN2420950CE.NFO,02/01/2024,09:48:13,501.7,495.9,120,497.6,200,0,1280
FINNIFTY02JAN2420950CE.NFO,02/01/2024,09:48:15,501.7,496.2,120,497.85,200,0,1280
FINNIFTY02JAN2420950CE.NFO,02/01/2024,09:48:16,501.7,496.3,120,497.8,40,0,1280
FINNIFTY02JAN2420950CE.NFO,02/01/2024,09:48:18,501.7,494.5,80,496.15,360,0,1280
FINNIFTY02JAN2420950CE.NFO,02/01/2024,09:48:20,501.7,493.95,120,495.6,120,0,1280
FINNIFTY02JAN2420950CE.NFO,02/01/2024,09:48:21,501.7,494.05,120,495.9,120,0,1280
FINNIFTY02JAN2420950CE.NFO,02/01/2024,09:48:23,501.7,494.05,40,495.45,120,0,1280
FINNIFTY02JAN2420950CE.NFO,02/01/2024,09:48:25,501.7,493.05,120,494.55,200,0,1280
FINNIFTY02JAN2420950CE.NFO,02/01/2024,09:48:26,501.7,492.65,40,494.75,360,0,1280
FINNIFTY02JAN2420950CE.NFO,02/01/2024,09:48:28,501.7,493.15,120,494.75,200,0,1280
FINNIFTY02JAN2420950CE.NFO,02/01/2024,09:48:30,501.7,493.25,120,494.9,200,0,1280
FINNIFTY02JAN2420950CE.NFO,02/01/2024,09:48:32,501.7,493.6,120,495.15,200,0,1280
FINNIFTY02JAN2420950CE.NFO,02/01/2024,09:48:33,501.7,492.65,160,494.9,200,0,1280
FINNIFTY02JAN2420950CE.NFO,02/01/2024,09:48:35,501.7,491.7,40,493.95,200,0,1280
FINNIFTY02JAN2420950CE.NFO,02/01/2024,09:48:37,501.7,491.9,160,494.05,200,0,1280
FINNIFTY02JAN2420950CE.NFO,02/01/2024,09:48:38,501.7,492,120,493.9,320,0,1280
FINNIFTY02JAN2420950CE.NFO,02/01/2024,09:48:40,501.7,492.5,40,494.35,200,0,1280
FINNIFTY02JAN2420950CE.NFO,02/01/2024,09:48:42,501.7,494.5,120,496.3,200,0,1280
FINNIFTY02JAN2420950CE.NFO,02/01/2024,09:48:43,501.7,494.9,120,496.3,200,0,1280
FINNIFTY02JAN2420950CE.NFO,02/01/2024,09:48:45,501.7,495.15,120,496.95,400,0,1280
FINNIFTY02JAN2420950CE.NFO,02/01/2024,09:48:47,501.7,496,120,498.75,40,0,1280
FINNIFTY02JAN2420950CE.NFO,02/01/2024,09:48:48,501.7,496.3,40,498.2,200,0,1280
FINNIFTY02JAN2420950CE.NFO,02/01/2024,09:48:50,501.7,496.4,120,498.1,160,0,1280
FINNIFTY02JAN2420950CE.NFO,02/01/2024,09:48:52,501.7,495.65,120,497.8,480,0,1280
FINNIFTY02JAN2420950CE.NFO,02/01/2024,09:48:53,501.7,495.9,120,497.45,200,0,1280
FINNIFTY02JAN2420950CE.NFO,02/01/2024,09:48:55,501.7,497.15,40,499.25,400,0,1280
FINNIFTY02JAN2420950CE.NFO,02/01/2024,09:48:57,501.7,497.45,120,498.95,200,0,1280
FINNIFTY02JAN2420950CE.NFO,02/01/2024,09:48:58,501.7,497.75,120,499.35,200,0,1280
FINNIFTY02JAN2420950CE.NFO,02/01/2024,09:49:00,501.7,497.6,40,499.5,200,0,1280
FINNIFTY02JAN2420950CE.NFO,02/01/2024,09:49:02,501.7,497.95,120,500.1,80,0,1280
FINNIFTY02JAN2420950CE.NFO,02/01/2024,09:49:03,501.7,498.5,40,500.75,960,0,1280
FINNIFTY02JAN2420950CE.NFO,02/01/2024,09:49:05,501.7,497.15,40,499.95,200,0,1280
FINNIFTY02JAN2420950CE.NFO,02/01/2024,09:49:07,501.7,497.2,80,498.55,200,0,1280
FINNIFTY02JAN2420950CE.NFO,02/01/2024,09:49:08,501.7,495.85,40,497.9,160,0,1280
FINNIFTY02JAN2420950CE.NFO,02/01/2024,09:49:10,501.7,495.35,160,497.4,40,0,1280
FINNIFTY02JAN2420950CE.NFO,02/01/2024,09:49:12,501.7,495.4,80,496.85,80,0,1280
FINNIFTY02JAN2420950CE.NFO,02/01/2024,09:49:13,501.7,494.3,120,496.1,200,0,1280
FINNIFTY02JAN2420950CE.NFO,02/01/2024,09:49:15,501.7,495.1,160,497.05,80,0,1280
FINNIFTY02JAN2420950CE.NFO,02/01/2024,09:49:17,501.7,495.25,40,497.1,200,0,1280
FINNIFTY02JAN2420950CE.NFO,02/01/2024,09:49:18,501.7,495.4,120,497.05,200,0,1280
FINNIFTY02JAN2420950CE.NFO,02/01/2024,09:49:20,501.7,496.3,120,498.15,200,0,1280
FINNIFTY02JAN2420950CE.NFO,02/01/2024,09:49:23,501.7,496.95,120,500.7,160,0,1280
FINNIFTY02JAN2420950CE.NFO,02/01/2024,09:49:25,501.7,497.05,120,498.75,280,0,1280
FINNIFTY02JAN2420950CE.NFO,02/01/2024,09:49:27,501.7,497.05,120,498.75,480,0,1280
FINNIFTY02JAN2420950CE.NFO,02/01/2024,09:49:28,501.7,497,40,498.3,160,0,1280
FINNIFTY02JAN2420950CE.NFO,02/01/2024,09:49:30,501.7,496.7,40,498.6,200,0,1280
FINNIFTY02JAN2420950CE.NFO,02/01/2024,09:49:32,501.7,495.8,120,497.4,200,0,1280
FINNIFTY02JAN2420950CE.NFO,02/01/2024,09:49:33,501.7,495.8,120,497.3,200,0,1280
FINNIFTY02JAN2420950CE.NFO,02/01/2024,09:49:35,501.7,495.9,120,497.75,240,0,1280
FINNIFTY02JAN2420950CE.NFO,02/01/2024,09:49:37,501.7,496.35,40,498.15,200,0,1280
FINNIFTY02JAN2420950CE.NFO,02/01/2024,09:49:38,501.7,496.6,120,498.35,200,0,1280
FINNIFTY02JAN2420950CE.NFO,02/01/2024,09:49:40,501.7,496.1,120,497.9,200,0,1280
FINNIFTY02JAN2420950CE.NFO,02/01/2024,09:49:42,501.7,496.4,120,497.9,200,0,1280
FINNIFTY02JAN2420950CE.NFO,02/01/2024,09:49:43,501.7,497.75,80,499.7,200,0,1280
FINNIFTY02JAN2420950CE.NFO,02/01/2024,09:49:45,501.7,496.95,120,499.05,80,0,1280
FINNIFTY02JAN2420950CE.NFO,02/01/2024,09:49:47,501.7,497.7,40,499.6,440,0,1280
FINNIFTY02JAN2420950CE.NFO,02/01/2024,09:49:48,501.7,498.1,120,499.85,40,0,1280
FINNIFTY02JAN2420950CE.NFO,02/01/2024,09:49:50,501.7,498.8,120,500.3,200,0,1280
FINNIFTY02JAN2420950CE.NFO,02/01/2024,09:49:52,501.7,499,120,500.6,200,0,1280
FINNIFTY02JAN2420950CE.NFO,02/01/2024,09:49:53,501.7,497.9,80,499.8,200,0,1280
FINNIFTY02JAN2420950CE.NFO,02/01/2024,09:49:55,501.7,498.05,40,499.75,40,0,1280
FINNIFTY02JAN2420950CE.NFO,02/01/2024,09:49:57,501.7,497,120,499,200,0,1280
FINNIFTY02JAN2420950CE.NFO,02/01/2024,09:49:58,501.7,497.55,120,499,200,0,1280
FINNIFTY02JAN2420950CE.NFO,02/01/2024,09:50:00,501.7,497.65,40,500.05,80,0,1280
FINNIFTY02JAN2420950CE.NFO,02/01/2024,09:50:02,501.7,498.6,80,500.35,200,0,1280
FINNIFTY02JAN2420950CE.NFO,02/01/2024,09:50:03,501.7,498.7,120,500.3,400,0,1280
FINNIFTY02JAN2420950CE.NFO,02/01/2024,09:50:05,501.7,499,120,500.6,120,0,1280
FINNIFTY02JAN2420950CE.NFO,02/01/2024,09:50:07,501.7,500.4,40,502.65,200,0,1280
FINNIFTY02JAN2420950CE.NFO,02/01/2024,09:50:08,501.7,500.45,40,501.9,200,0,1280
FINNIFTY02JAN2420950CE.NFO,02/01/2024,09:50:10,501.7,499.65,120,501.3,200,0,1280
FINNIFTY02JAN2420950CE.NFO,02/01/2024,09:50:12,501.7,499.1,120,500.6,40,0,1280
FINNIFTY02JAN2420950CE.NFO,02/01/2024,09:50:13,501.7,498.15,120,499.5,200,0,1280
FINNIFTY02JAN2420950CE.NFO,02/01/2024,09:50:15,501.7,498.15,120,499.65,40,0,1280
FINNIFTY02JAN2420950CE.NFO,02/01/2024,09:50:17,501.7,498,120,499.6,200,0,1280
FINNIFTY02JAN2420950CE.NFO,02/01/2024,09:50:18,501.7,498.1,120,499.8,200,0,1280
FINNIFTY02JAN2420950CE.NFO,02/01/2024,09:50:20,501.7,497.4,120,499.15,200,0,1280
FINNIFTY02JAN2420950CE.NFO,02/01/2024,09:50:22,501.7,496.65,80,498.05,120,0,1280
FINNIFTY02JAN2420950CE.NFO,02/01/2024,09:50:23,501.7,495.75,40,497.35,200,0,1280
FINNIFTY02JAN2420950CE.NFO,02/01/2024,09:50:25,501.7,495.9,40,497.85,200,0,1280
FINNIFTY02JAN2420950CE.NFO,02/01/2024,09:50:27,501.7,496.8,120,498.35,40,0,1280
FINNIFTY02JAN2420950CE.NFO,02/01/2024,09:50:28,501.7,496.2,40,497.8,200,0,1280
FINNIFTY02JAN2420950CE.NFO,02/01/2024,09:50:30,501.7,495.3,40,497.25,200,0,1280
FINNIFTY02JAN2420950CE.NFO,02/01/2024,09:50:32,501.7,495.1,40,497.05,40,0,1280
FINNIFTY02JAN2420950CE.NFO,02/01/2024,09:50:33,501.7,495.45,120,497.3,280,0,1280
FINNIFTY02JAN2420950CE.NFO,02/01/2024,09:50:35,501.7,493.85,40,495.85,40,0,1280
FINNIFTY02JAN2420950CE.NFO,02/01/2024,09:50:37,501.7,493.45,120,495.35,80,0,1280
FINNIFTY02JAN2420950CE.NFO,02/01/2024,09:50:38,501.7,493.05,160,495.25,200,0,1280
FINNIFTY02JAN2420950CE.NFO,02/01/2024,09:50:40,501.7,493.3,120,495.05,40,0,1280
FINNIFTY02JAN2420950CE.NFO,02/01/2024,09:50:43,501.7,491.95,40,493.7,200,0,1280
FINNIFTY02JAN2420950CE.NFO,02/01/2024,09:50:45,501.7,492.9,120,494.75,200,0,1280
FINNIFTY02JAN2420950CE.NFO,02/01/2024,09:50:47,501.7,495,120,497.05,120,0,1280
FINNIFTY02JAN2420950CE.NFO,02/01/2024,09:50:48,501.7,495.9,80,497.7,200,0,1280
FINNIFTY02JAN2420950CE.NFO,02/01/2024,09:50:50,501.7,495.95,40,497.2,200,0,1280
FINNIFTY02JAN2420950CE.NFO,02/01/2024,09:50:52,501.7,495.95,40,497.45,40,0,1280
FINNIFTY02JAN2420950CE.NFO,02/01/2024,09:50:53,501.7,497,40,503.45,1080,0,1280
FINNIFTY02JAN2420950CE.NFO,02/01/2024,09:50:55,501.7,494.9,200,497.3,40,0,1280
FINNIFTY02JAN2420950CE.NFO,02/01/2024,09:50:57,501.7,495.4,120,496.95,200,0,1280
FINNIFTY02JAN2420950CE.NFO,02/01/2024,09:50:58,501.7,494.55,40,496.75,40,0,1280
FINNIFTY02JAN2420950CE.NFO,02/01/2024,09:51:00,501.7,493.85,40,496.05,200,0,1280
FINNIFTY02JAN2420950CE.NFO,02/01/2024,09:51:02,501.7,494.4,160,496.5,480,0,1280
FINNIFTY02JAN2420950CE.NFO,02/01/2024,09:51:03,501.7,493.25,120,495.7,40,0,1280
FINNIFTY02JAN2420950CE.NFO,02/01/2024,09:51:05,501.7,493.3,160,494.95,200,0,1280
FINNIFTY02JAN2420950CE.NFO,02/01/2024,09:51:07,501.7,494.1,80,496.2,280,0,1280
FINNIFTY02JAN2420950CE.NFO,02/01/2024,09:51:08,501.7,494.15,120,495.6,200,0,1280
FINNIFTY02JAN2420950CE.NFO,02/01/2024,09:51:10,501.7,494.2,120,495.95,200,0,1280
FINNIFTY02JAN2420950CE.NFO,02/01/2024,09:51:12,501.7,493.55,120,495.8,280,0,1280
FINNIFTY02JAN2420950CE.NFO,02/01/2024,09:51:13,501.7,493.55,120,495.55,40,0,1280
FINNIFTY02JAN2420950CE.NFO,02/01/2024,09:51:15,501.7,491.95,120,494,200,0,1280
FINNIFTY02JAN2420950CE.NFO,02/01/2024,09:51:17,501.7,492.7,120,494.5,200,0,1280
FINNIFTY02JAN2420950CE.NFO,02/01/2024,09:51:18,501.7,493.25,120,495.05,200,0,1280
FINNIFTY02JAN2420950CE.NFO,02/01/2024,09:51:20,501.7,494.35,120,496.1,80,0,1280
FINNIFTY02JAN2420950CE.NFO,02/01/2024,09:51:22,501.7,494.1,40,496.15,200,0,1280
FINNIFTY02JAN2420950CE.NFO,02/01/2024,09:51:23,501.7,494,120,496,200,0,1280
FINNIFTY02JAN2420950CE.NFO,02/01/2024,09:51:25,501.7,493.25,120,495,200,0,1280
FINNIFTY02JAN2420950CE.NFO,02/01/2024,09:51:27,501.7,493.7,200,496.05,120,0,1280
FINNIFTY02JAN2420950CE.NFO,02/01/2024,09:51:29,501.7,494.65,120,496.4,200,0,1280
FINNIFTY02JAN2420950CE.NFO,02/01/2024,09:51:30,501.7,494.15,40,496.1,200,0,1280
FINNIFTY02JAN2420950CE.NFO,02/01/2024,09:51:32,501.7,494.25,120,495.95,40,0,1280
FINNIFTY02JAN2420950CE.NFO,02/01/2024,09:51:34,501.7,494.75,120,496.8,480,0,1280
FINNIFTY02JAN2420950CE.NFO,02/01/2024,09:51:35,501.7,496.15,40,499.65,120,0,1280
FINNIFTY02JAN2420950CE.NFO,02/01/2024,09:51:37,501.7,496.25,120,497.85,80,0,1280
FINNIFTY02JAN2420950CE.NFO,02/01/2024,09:51:39,501.7,495.8,120,497.45,200,0,1280
FINNIFTY02JAN2420950CE.NFO,02/01/2024,09:51:40,501.7,496.55,160,498.5,360,0,1280
FINNIFTY02JAN2420950CE.NFO,02/01/2024,09:51:42,501.7,497.65,120,499.2,200,0,1280
FINNIFTY02JAN2420950CE.NFO,02/01/2024,09:51:44,501.7,497.25,240,498.95,40,0,1280
FINNIFTY02JAN2420950CE.NFO,02/01/2024,09:51:45,501.7,496.5,200,498.3,120,0,1280
FINNIFTY02JAN2420950CE.NFO,02/01/2024,09:51:47,501.7,496.55,40,497.85,200,0,1280
FINNIFTY02JAN2420950CE.NFO,02/01/2024,09:51:49,501.7,495.65,120,497.4,400,0,1280
FINNIFTY02JAN2420950CE.NFO,02/01/2024,09:51:50,501.7,495.9,160,497.7,200,0,1280
FINNIFTY02JAN2420950CE.NFO,02/01/2024,09:51:52,501.7,496.25,120,498,200,0,1280
FINNIFTY02JAN2420950CE.NFO,02/01/2024,09:51:54,501.7,496.35,120,497.9,120,0,1280
FINNIFTY02JAN2420950CE.NFO,02/01/2024,09:51:55,501.7,497,120,498.7,280,0,1280
FINNIFTY02JAN2420950CE.NFO,02/01/2024,09:51:57,501.7,496.55,40,498.35,200,0,1280
FINNIFTY02JAN2420950CE.NFO,02/01/2024,09:51:59,501.7,496.65,120,498.05,200,0,1280
FINNIFTY02JAN2420950CE.NFO,02/01/2024,09:52:00,501.7,495.15,80,497.55,320,0,1280
FINNIFTY02JAN2420950CE.NFO,02/01/2024,09:52:02,501.7,496.15,120,497.95,120,0,1280
FINNIFTY02JAN2420950CE.NFO,02/01/2024,09:52:04,501.7,495.55,40,497.45,560,0,1280
FINNIFTY02JAN2420950CE.NFO,02/01/2024,09:52:05,501.7,495.7,40,497.85,6880,0,1280
FINNIFTY02JAN2420950CE.NFO,02/01/2024,09:52:07,501.7,496.3,120,497.95,40,0,1280
FINNIFTY02JAN2420950CE.NFO,02/01/2024,09:52:09,501.7,496.35,120,497.85,40,0,1280
FINNIFTY02JAN2420950CE.NFO,02/01/2024,09:52:10,501.7,494.2,160,496.15,200,0,1280
FINNIFTY02JAN2420950CE.NFO,02/01/2024,09:52:12,501.7,494.95,40,496.8,200,0,1280
FINNIFTY02JAN2420950CE.NFO,02/01/2024,09:52:14,501.7,494.55,120,496.35,40,0,1280
FINNIFTY02JAN2420950CE.NFO,02/01/2024,09:52:15,501.7,493.9,40,495.5,200,0,1280
FINNIFTY02JAN2420950CE.NFO,02/01/2024,09:52:17,501.7,493.85,80,495.3,200,0,1280
FINNIFTY02JAN2420950CE.NFO,02/01/2024,09:52:19,501.7,493.9,120,495.65,200,0,1280
FINNIFTY02JAN2420950CE.NFO,02/01/2024,09:52:20,501.7,494.25,120,496.15,560,0,1280
FINNIFTY02JAN2420950CE.NFO,02/01/2024,09:52:22,501.7,493.5,120,495.2,40,0,1280
FINNIFTY02JAN2420950CE.NFO,02/01/2024,09:52:24,501.7,493.8,120,495.65,200,0,1280
FINNIFTY02JAN2420950CE.NFO,02/01/2024,09:52:25,501.7,493.45,120,495.15,360,0,1280
FINNIFTY02JAN2420950CE.NFO,02/01/2024,09:52:27,501.7,493.95,120,495.75,200,0,1280
