Ticker,Date,Time,LTP,BuyPrice,BuyQty,SellPrice,SellQty,LTQ,OpenInterest
FINNIFTY02JAN2420450PE.NFO,02/01/2024,09:15:02,0.5,0.3,1800,0.5,400,40,151480
FINNIFTY02JAN2420450PE.NFO,02/01/2024,09:15:02,0.5,0.3,1800,0.5,400,0,151480
FINNIFTY02JAN2420450PE.NFO,02/01/2024,09:15:02,0.5,0.3,1800,0.5,400,0,151480
FINNIFTY02JAN2420450PE.NFO,02/01/2024,09:15:02,0.5,0.3,1800,0.5,400,0,151480
FINNIFTY02JAN2420450PE.NFO,02/01/2024,09:15:16,0.35,0.35,18640,0.4,10360,7280,151480
FINNIFTY02JAN2420450PE.NFO,02/01/2024,09:15:16,0.3,0.35,18640,0.4,10360,0,151480
FINNIFTY02JAN2420450PE.NFO,02/01/2024,09:15:28,0.3,0.3,39520,0.35,13320,37160,151480
FINNIFTY02JAN2420450PE.NFO,02/01/2024,09:15:39,0.3,0.3,60320,0.35,34920,7120,151480
FINNIFTY02JAN2420450PE.NFO,02/01/2024,09:15:50,0.3,0.3,63080,0.35,45160,11480,151480
FINNIFTY02JAN2420450PE.NFO,02/01/2024,09:16:00,0.35,0.3,68560,0.35,54000,2040,151480
FINNIFTY02JAN2420450PE.NFO,02/01/2024,09:16:12,0.35,0.3,81480,0.35,59480,1000,151480
FINNIFTY02JAN2420450PE.NFO,02/01/2024,09:16:22,0.3,0.3,81240,0.35,61040,240,151480
FINNIFTY02JAN2420450PE.NFO,02/01/2024,09:16:31,0.3,0.3,79160,0.35,63440,2160,151480
FINNIFTY02JAN2420450PE.NFO,02/01/2024,09:16:41,0.3,0.3,81640,0.35,67000,1160,151480
FINNIFTY02JAN2420450PE.NFO,02/01/2024,09:16:50,0.3,0.3,80600,0.35,67480,1040,151480
FINNIFTY02JAN2420450PE.NFO,02/01/2024,09:17:00,0.3,0.3,79920,0.35,69680,680,151480
FINNIFTY02JAN2420450PE.NFO,02/01/2024,09:17:10,0.3,0.3,79320,0.35,70040,600,151480
FINNIFTY02JAN2420450PE.NFO,02/01/2024,09:17:19,0.35,0.3,78680,0.35,68880,1200,151480
FINNIFTY02JAN2420450PE.NFO,02/01/2024,09:17:29,0.3,0.3,80320,0.35,68800,240,151480
FINNIFTY02JAN2420450PE.NFO,02/01/2024,09:17:39,0.3,0.3,79920,0.35,69480,1520,151240
FINNIFTY02JAN2420450PE.NFO,02/01/2024,09:17:48,0.3,0.3,79920,0.35,69480,0,151240
FINNIFTY02JAN2420450PE.NFO,02/01/2024,09:17:58,0.3,0.3,79640,0.35,69480,280,151240
FINNIFTY02JAN2420450PE.NFO,02/01/2024,09:18:07,0.3,0.3,79640,0.35,69480,0,151240
FINNIFTY02JAN2420450PE.NFO,02/01/2024,09:18:17,0.3,0.3,77760,0.35,69480,80,151240
FINNIFTY02JAN2420450PE.NFO,02/01/2024,09:18:27,0.35,0.3,76520,0.35,68480,5080,151240
FINNIFTY02JAN2420450PE.NFO,02/01/2024,09:18:36,0.35,0.3,76800,0.35,70240,160,151240
FINNIFTY02JAN2420450PE.NFO,02/01/2024,09:18:46,0.3,0.3,75120,0.35,70240,1680,151240
FINNIFTY02JAN2420450PE.NFO,02/01/2024,09:18:55,0.35,0.3,75120,0.35,70000,240,151240
FINNIFTY02JAN2420450PE.NFO,02/01/2024,09:19:06,0.3,0.3,74800,0.35,71800,320,151240
FINNIFTY02JAN2420450PE.NFO,02/01/2024,09:19:16,0.3,0.3,74680,0.35,71760,160,151240
FINNIFTY02JAN2420450PE.NFO,02/01/2024,09:19:45,0.35,0.3,74680,0.35,69080,4480,151240
FINNIFTY02JAN2420450PE.NFO,02/01/2024,09:19:55,0.35,0.3,74280,0.35,66240,1040,151240
FINNIFTY02JAN2420450PE.NFO,02/01/2024,09:20:06,0.35,0.3,83280,0.35,66000,240,151240
FINNIFTY02JAN2420450PE.NFO,02/01/2024,09:20:16,0.35,0.3,83280,0.35,56560,5520,151240
FINNIFTY02JAN2420450PE.NFO,02/01/2024,09:20:26,0.35,0.3,83280,0.35,47560,0,151240
FINNIFTY02JAN2420450PE.NFO,02/01/2024,09:20:36,0.35,0.3,83280,0.35,46280,1040,150240
FINNIFTY02JAN2420450PE.NFO,02/01/2024,09:20:45,0.35,0.3,83280,0.35,47840,240,150240
FINNIFTY02JAN2420450PE.NFO,02/01/2024,09:20:55,0.35,0.3,84920,0.35,11600,54520,150240
FINNIFTY02JAN2420450PE.NFO,02/01/2024,09:21:04,0.4,0.35,51880,0.4,85800,40080,150240
FINNIFTY02JAN2420450PE.NFO,02/01/2024,09:21:15,0.4,0.35,49280,0.4,90880,2840,150240
FINNIFTY02JAN2420450PE.NFO,02/01/2024,09:21:25,0.4,0.35,52920,0.4,89800,760,150240
FINNIFTY02JAN2420450PE.NFO,02/01/2024,09:21:35,0.4,0.35,52920,0.4,93800,160,150240
FINNIFTY02JAN2420450PE.NFO,02/01/2024,09:21:45,0.4,0.35,52920,0.4,81840,280,150240
FINNIFTY02JAN2420450PE.NFO,02/01/2024,09:21:55,0.4,0.35,44040,0.4,81840,7320,150240
FINNIFTY02JAN2420450PE.NFO,02/01/2024,09:22:06,0.4,0.35,10040,0.4,94280,440,150240
FINNIFTY02JAN2420450PE.NFO,02/01/2024,09:22:18,0.35,0.3,100720,0.35,117920,9360,150240
FINNIFTY02JAN2420450PE.NFO,02/01/2024,09:22:30,0.35,0.3,101000,0.35,122160,520,150240
FINNIFTY02JAN2420450PE.NFO,02/01/2024,09:22:40,0.35,0.3,101000,0.35,122000,160,150240
FINNIFTY02JAN2420450PE.NFO,02/01/2024,09:22:50,0.35,0.3,101000,0.35,122000,0,150240
FINNIFTY02JAN2420450PE.NFO,02/01/2024,09:23:19,0.35,0.3,101000,0.35,119800,0,150240
FINNIFTY02JAN2420450PE.NFO,02/01/2024,09:23:28,0.35,0.3,101000,0.35,118000,0,150240
FINNIFTY02JAN2420450PE.NFO,02/01/2024,09:24:05,0.3,0.3,100760,0.35,118000,240,157600
FINNIFTY02JAN2420450PE.NFO,02/01/2024,09:24:14,0.35,0.3,100760,0.35,118200,120,157600
FINNIFTY02JAN2420450PE.NFO,02/01/2024,09:24:24,0.3,0.3,99440,0.35,120000,1320,157600
FINNIFTY02JAN2420450PE.NFO,02/01/2024,09:24:34,0.3,0.3,99040,0.35,125080,0,157600
FINNIFTY02JAN2420450PE.NFO,02/01/2024,09:24:45,0.3,0.3,98240,0.35,123600,800,157600
FINNIFTY02JAN2420450PE.NFO,02/01/2024,09:24:54,0.3,0.3,97880,0.35,125400,360,157600
FINNIFTY02JAN2420450PE.NFO,02/01/2024,09:25:05,0.3,0.3,91120,0.35,123600,6760,157600
FINNIFTY02JAN2420450PE.NFO,02/01/2024,09:25:16,0.3,0.3,91280,0.35,125720,1080,157600
FINNIFTY02JAN2420450PE.NFO,02/01/2024,09:25:26,0.3,0.3,91160,0.35,123720,520,157600
FINNIFTY02JAN2420450PE.NFO,02/01/2024,09:25:36,0.3,0.3,90560,0.35,123840,1440,157600
FINNIFTY02JAN2420450PE.NFO,02/01/2024,09:25:46,0.3,0.3,89920,0.35,123600,920,157600
FINNIFTY02JAN2420450PE.NFO,02/01/2024,09:25:56,0.3,0.3,89600,0.35,132600,320,157600
FINNIFTY02JAN2420450PE.NFO,02/01/2024,09:26:06,0.3,0.3,89120,0.35,138000,480,157600
FINNIFTY02JAN2420450PE.NFO,02/01/2024,09:26:15,0.35,0.3,89600,0.35,136360,920,157600
FINNIFTY02JAN2420450PE.NFO,02/01/2024,09:26:26,0.35,0.3,92120,0.35,118320,12240,157600
FINNIFTY02JAN2420450PE.NFO,02/01/2024,09:26:36,0.35,0.3,91720,0.35,117920,400,157600
FINNIFTY02JAN2420450PE.NFO,02/01/2024,09:26:46,0.35,0.3,91760,0.35,116520,1400,157080
FINNIFTY02JAN2420450PE.NFO,02/01/2024,09:26:57,0.35,0.3,91760,0.35,116840,0,157080
FINNIFTY02JAN2420450PE.NFO,02/01/2024,09:27:07,0.35,0.3,91760,0.35,123160,880,157080
FINNIFTY02JAN2420450PE.NFO,02/01/2024,09:27:18,0.35,0.3,91840,0.35,121400,760,157080
FINNIFTY02JAN2420450PE.NFO,02/01/2024,09:27:28,0.35,0.3,91800,0.35,120760,520,157080
FINNIFTY02JAN2420450PE.NFO,02/01/2024,09:27:38,0.35,0.3,91800,0.35,119840,520,157080
FINNIFTY02JAN2420450PE.NFO,02/01/2024,09:27:48,0.35,0.3,91000,0.35,121360,1080,157080
FINNIFTY02JAN2420450PE.NFO,02/01/2024,09:27:57,0.35,0.3,91000,0.35,120960,400,157080
FINNIFTY02JAN2420450PE.NFO,02/01/2024,09:28:07,0.3,0.3,90520,0.35,119360,2480,157080
FINNIFTY02JAN2420450PE.NFO,02/01/2024,09:28:17,0.3,0.3,90400,0.35,119680,0,157080
FINNIFTY02JAN2420450PE.NFO,02/01/2024,09:29:05,0.35,0.3,90400,0.35,118800,160,157080
FINNIFTY02JAN2420450PE.NFO,02/01/2024,09:29:16,0.35,0.3,90400,0.35,118800,0,157080
FINNIFTY02JAN2420450PE.NFO,02/01/2024,09:29:28,0.3,0.3,90000,0.35,118800,400,157080
FINNIFTY02JAN2420450PE.NFO,02/01/2024,09:29:48,0.35,0.3,40680,0.35,118000,800,155680
FINNIFTY02JAN2420450PE.NFO,02/01/2024,09:29:58,0.35,0.3,38280,0.35,117440,600,155680
FINNIFTY02JAN2420450PE.NFO,02/01/2024,09:30:08,0.35,0.3,38240,0.35,117320,120,155680
FINNIFTY02JAN2420450PE.NFO,02/01/2024,09:30:18,0.35,0.3,38240,0.35,117320,0,155680
FINNIFTY02JAN2420450PE.NFO,02/01/2024,09:30:28,0.35,0.3,40280,0.35,117320,0,155680
FINNIFTY02JAN2420450PE.NFO,02/01/2024,09:30:39,0.35,0.3,38480,0.35,117320,0,155680
FINNIFTY02JAN2420450PE.NFO,02/01/2024,09:30:48,0.35,0.3,38240,0.35,117320,0,155680
FINNIFTY02JAN2420450PE.NFO,02/01/2024,09:31:59,0.35,0.3,38240,0.35,117280,40,155680
FINNIFTY02JAN2420450PE.NFO,02/01/2024,09:32:08,0.3,0.3,38120,0.35,117280,120,155680
FINNIFTY02JAN2420450PE.NFO,02/01/2024,09:32:18,0.35,0.3,38120,0.35,117160,120,155680
FINNIFTY02JAN2420450PE.NFO,02/01/2024,09:32:28,0.35,0.3,40360,0.35,118080,0,155680
FINNIFTY02JAN2420450PE.NFO,02/01/2024,09:32:38,0.35,0.3,38560,0.35,117800,280,155680
FINNIFTY02JAN2420450PE.NFO,02/01/2024,09:32:48,0.35,0.3,38560,0.35,116880,440,155680
FINNIFTY02JAN2420450PE.NFO,02/01/2024,09:32:58,0.35,0.3,40360,0.35,116840,40,155680
FINNIFTY02JAN2420450PE.NFO,02/01/2024,09:33:08,0.35,0.3,38560,0.35,110360,6800,155680
FINNIFTY02JAN2420450PE.NFO,02/01/2024,09:33:17,0.35,0.3,38560,0.35,109960,80,155680
FINNIFTY02JAN2420450PE.NFO,02/01/2024,09:33:27,0.35,0.3,38560,0.35,109880,80,155680
FINNIFTY02JAN2420450PE.NFO,02/01/2024,09:33:36,0.3,0.3,34960,0.35,109880,120,155680
FINNIFTY02JAN2420450PE.NFO,02/01/2024,09:34:14,0.3,0.3,28920,0.35,109880,2320,155680
FINNIFTY02JAN2420450PE.NFO,02/01/2024,09:34:32,0.3,0.3,26320,0.35,111680,2600,155680
FINNIFTY02JAN2420450PE.NFO,02/01/2024,09:34:41,0.3,0.3,24080,0.35,111680,560,155680
FINNIFTY02JAN2420450PE.NFO,02/01/2024,09:34:50,0.35,0.3,21840,0.35,110920,320,155680
FINNIFTY02JAN2420450PE.NFO,02/01/2024,09:35:00,0.35,0.3,21840,0.35,111000,240,155680
FINNIFTY02JAN2420450PE.NFO,02/01/2024,09:35:09,0.35,0.3,21840,0.35,111000,0,155680
FINNIFTY02JAN2420450PE.NFO,02/01/2024,09:35:18,0.3,0.3,24280,0.35,110680,1040,155680
FINNIFTY02JAN2420450PE.NFO,02/01/2024,09:35:28,0.3,0.3,24280,0.35,110680,0,155680
FINNIFTY02JAN2420450PE.NFO,02/01/2024,09:35:56,0.35,0.3,24320,0.35,110520,120,153440
FINNIFTY02JAN2420450PE.NFO,02/01/2024,09:36:05,0.35,0.3,55320,0.35,107800,2720,153440
FINNIFTY02JAN2420450PE.NFO,02/01/2024,09:36:15,0.35,0.3,66720,0.35,107800,0,153440
FINNIFTY02JAN2420450PE.NFO,02/01/2024,09:36:24,0.35,0.3,66720,0.35,107840,200,153440
FINNIFTY02JAN2420450PE.NFO,02/01/2024,09:36:34,0.35,0.3,66720,0.35,107680,160,153440
FINNIFTY02JAN2420450PE.NFO,02/01/2024,09:37:00,0.35,0.3,66720,0.35,107680,0,153440
FINNIFTY02JAN2420450PE.NFO,02/01/2024,09:37:09,0.35,0.3,66720,0.35,107440,0,153440
FINNIFTY02JAN2420450PE.NFO,02/01/2024,09:37:18,0.35,0.3,66720,0.35,106840,600,153440
FINNIFTY02JAN2420450PE.NFO,02/01/2024,09:37:27,0.35,0.3,66720,0.35,107080,0,153440
FINNIFTY02JAN2420450PE.NFO,02/01/2024,09:38:02,0.35,0.3,66720,0.35,98640,6400,153440
FINNIFTY02JAN2420450PE.NFO,02/01/2024,09:38:19,0.35,0.3,66720,0.35,120600,0,153440
FINNIFTY02JAN2420450PE.NFO,02/01/2024,09:38:29,0.3,0.3,65880,0.35,120640,840,153440
FINNIFTY02JAN2420450PE.NFO,02/01/2024,09:38:38,0.3,0.3,25600,0.35,120880,280,155120
FINNIFTY02JAN2420450PE.NFO,02/01/2024,09:38:48,0.3,0.3,25440,0.35,120880,160,155120
FINNIFTY02JAN2420450PE.NFO,02/01/2024,09:38:58,0.3,0.3,26960,0.35,120600,280,155120
FINNIFTY02JAN2420450PE.NFO,02/01/2024,09:39:07,0.3,0.3,34800,0.35,120760,1160,155120
FINNIFTY02JAN2420450PE.NFO,02/01/2024,09:39:17,0.3,0.3,37600,0.35,123640,80,155120
FINNIFTY02JAN2420450PE.NFO,02/01/2024,09:39:26,0.3,0.3,34000,0.35,123880,0,155120
FINNIFTY02JAN2420450PE.NFO,02/01/2024,09:39:35,0.3,0.3,33640,0.35,123560,440,155120
FINNIFTY02JAN2420450PE.NFO,02/01/2024,09:39:44,0.3,0.3,33640,0.35,123800,0,155120
FINNIFTY02JAN2420450PE.NFO,02/01/2024,09:39:54,0.3,0.3,20400,0.35,123680,800,155120
FINNIFTY02JAN2420450PE.NFO,02/01/2024,09:40:06,0.3,0.3,20120,0.35,123680,280,155120
FINNIFTY02JAN2420450PE.NFO,02/01/2024,09:40:16,0.3,0.3,19920,0.35,123680,200,155120
FINNIFTY02JAN2420450PE.NFO,02/01/2024,09:40:26,0.3,0.3,19440,0.35,123680,480,155120
FINNIFTY02JAN2420450PE.NFO,02/01/2024,09:40:36,0.3,0.3,19000,0.35,123800,440,155120
FINNIFTY02JAN2420450PE.NFO,02/01/2024,09:40:47,0.3,0.3,18920,0.35,123800,400,155120
FINNIFTY02JAN2420450PE.NFO,02/01/2024,09:40:57,0.35,0.3,18920,0.35,123920,40,155120
FINNIFTY02JAN2420450PE.NFO,02/01/2024,09:41:08,0.3,0.3,18320,0.35,123760,600,155120
FINNIFTY02JAN2420450PE.NFO,02/01/2024,09:41:28,0.3,0.3,18320,0.35,123760,0,155120
FINNIFTY02JAN2420450PE.NFO,02/01/2024,09:42:07,0.35,0.3,18320,0.35,123480,40,153440
FINNIFTY02JAN2420450PE.NFO,02/01/2024,09:42:17,0.35,0.3,18320,0.35,123720,0,153440
FINNIFTY02JAN2420450PE.NFO,02/01/2024,09:42:26,0.35,0.3,18320,0.35,123880,0,153440
FINNIFTY02JAN2420450PE.NFO,02/01/2024,09:42:35,0.35,0.3,18320,0.35,123840,40,153440
FINNIFTY02JAN2420450PE.NFO,02/01/2024,09:43:14,0.3,0.3,17760,0.35,123840,560,153440
FINNIFTY02JAN2420450PE.NFO,02/01/2024,09:43:24,0.3,0.3,17560,0.35,123840,200,153440
FINNIFTY02JAN2420450PE.NFO,02/01/2024,09:43:44,0.3,0.3,17360,0.35,123840,200,153440
FINNIFTY02JAN2420450PE.NFO,02/01/2024,09:43:53,0.35,0.3,17360,0.35,123800,40,153440
FINNIFTY02JAN2420450PE.NFO,02/01/2024,09:44:03,0.3,0.3,17120,0.35,123440,360,153440
FINNIFTY02JAN2420450PE.NFO,02/01/2024,09:44:12,0.3,0.3,17120,0.35,123440,0,153440
FINNIFTY02JAN2420450PE.NFO,02/01/2024,09:44:21,0.3,0.3,17120,0.35,123680,0,153440
FINNIFTY02JAN2420450PE.NFO,02/01/2024,09:44:49,0.3,0.3,17720,0.35,123680,0,153440
FINNIFTY02JAN2420450PE.NFO,02/01/2024,09:44:58,0.3,0.3,16960,0.35,123080,760,154400
FINNIFTY02JAN2420450PE.NFO,02/01/2024,09:45:07,0.3,0.3,16640,0.35,102040,21360,154400
FINNIFTY02JAN2420450PE.NFO,02/01/2024,09:45:16,0.3,0.3,16560,0.35,102040,80,154400
FINNIFTY02JAN2420450PE.NFO,02/01/2024,09:45:26,0.3,0.3,17880,0.35,101800,2280,154400
FINNIFTY02JAN2420450PE.NFO,02/01/2024,09:45:36,0.3,0.3,21800,0.35,102000,1160,154400
FINNIFTY02JAN2420450PE.NFO,02/01/2024,09:45:45,0.3,0.3,64360,0.35,102000,280,154400
FINNIFTY02JAN2420450PE.NFO,02/01/2024,09:45:54,0.3,0.3,70880,0.35,101760,680,154400
FINNIFTY02JAN2420450PE.NFO,02/01/2024,09:46:04,0.35,0.3,71560,0.35,101480,2040,154400
FINNIFTY02JAN2420450PE.NFO,02/01/2024,09:46:14,0.35,0.3,71560,0.35,101280,520,154400
FINNIFTY02JAN2420450PE.NFO,02/01/2024,09:46:24,0.35,0.3,71560,0.35,100440,520,154400
FINNIFTY02JAN2420450PE.NFO,02/01/2024,09:46:34,0.35,0.3,71560,0.35,93240,7440,154400
FINNIFTY02JAN2420450PE.NFO,02/01/2024,09:46:43,0.35,0.3,71560,0.35,76520,18600,154400
FINNIFTY02JAN2420450PE.NFO,02/01/2024,09:46:52,0.35,0.3,74440,0.35,85000,160,154400
FINNIFTY02JAN2420450PE.NFO,02/01/2024,09:47:01,0.35,0.3,80200,0.35,85320,0,154400
FINNIFTY02JAN2420450PE.NFO,02/01/2024,09:47:11,0.35,0.3,87080,0.35,73080,40560,154400
FINNIFTY02JAN2420450PE.NFO,02/01/2024,09:47:20,0.35,0.3,87040,0.35,72920,0,154400
FINNIFTY02JAN2420450PE.NFO,02/01/2024,09:47:29,0.35,0.3,87040,0.35,46160,13600,154400
FINNIFTY02JAN2420450PE.NFO,02/01/2024,09:47:47,0.3,0.3,87000,0.35,54800,40,75760
FINNIFTY02JAN2420450PE.NFO,02/01/2024,09:47:56,0.3,0.3,31320,0.35,54800,240,75760
FINNIFTY02JAN2420450PE.NFO,02/01/2024,09:48:06,0.3,0.3,38160,0.35,54720,360,75760
FINNIFTY02JAN2420450PE.NFO,02/01/2024,09:48:15,0.3,0.3,34320,0.35,49160,122320,75760
FINNIFTY02JAN2420450PE.NFO,02/01/2024,09:48:23,0.3,0.3,42080,0.35,49000,160,75760
FINNIFTY02JAN2420450PE.NFO,02/01/2024,09:48:32,0.3,0.3,43040,0.35,49000,480,75760
FINNIFTY02JAN2420450PE.NFO,02/01/2024,09:48:42,0.3,0.3,17520,0.35,49000,680,75760
FINNIFTY02JAN2420450PE.NFO,02/01/2024,09:48:51,0.3,0.3,16960,0.35,48840,720,75760
FINNIFTY02JAN2420450PE.NFO,02/01/2024,09:49:00,0.3,0.3,16760,0.35,49160,200,75760
FINNIFTY02JAN2420450PE.NFO,02/01/2024,09:49:10,0.3,0.3,16480,0.35,49160,280,75760
FINNIFTY02JAN2420450PE.NFO,02/01/2024,09:49:19,0.35,0.3,29800,0.35,49120,40,75760
FINNIFTY02JAN2420450PE.NFO,02/01/2024,09:49:29,0.35,0.3,32200,0.35,48720,520,75760
FINNIFTY02JAN2420450PE.NFO,02/01/2024,09:49:38,0.35,0.3,43000,0.35,50160,0,75760
FINNIFTY02JAN2420450PE.NFO,02/01/2024,09:49:56,0.3,0.3,33840,0.35,50160,160,75760
FINNIFTY02JAN2420450PE.NFO,02/01/2024,09:50:05,0.3,0.3,17920,0.35,50320,80,75760
FINNIFTY02JAN2420450PE.NFO,02/01/2024,09:50:14,0.3,0.3,16280,0.35,43600,200,75760
FINNIFTY02JAN2420450PE.NFO,02/01/2024,09:50:23,0.3,0.3,16200,0.35,46480,80,75760
FINNIFTY02JAN2420450PE.NFO,02/01/2024,09:50:32,0.3,0.3,17720,0.35,46480,120,75760
FINNIFTY02JAN2420450PE.NFO,02/01/2024,09:50:41,0.3,0.3,17680,0.35,46720,40,105880
FINNIFTY02JAN2420450PE.NFO,02/01/2024,09:50:50,0.3,0.3,17560,0.35,46400,120,105880
FINNIFTY02JAN2420450PE.NFO,02/01/2024,09:50:59,0.3,0.3,17560,0.35,46400,0,105880
FINNIFTY02JAN2420450PE.NFO,02/01/2024,09:51:08,0.3,0.3,13400,0.35,54280,20000,105880
FINNIFTY02JAN2420450PE.NFO,02/01/2024,09:51:18,0.3,0.3,13400,0.35,54240,0,105880
FINNIFTY02JAN2420450PE.NFO,02/01/2024,09:51:28,0.35,0.3,13400,0.35,54200,40,105880
FINNIFTY02JAN2420450PE.NFO,02/01/2024,09:51:38,0.35,0.3,13440,0.35,54440,80,105880
FINNIFTY02JAN2420450PE.NFO,02/01/2024,09:51:47,0.35,0.3,13440,0.35,54400,40,105880
FINNIFTY02JAN2420450PE.NFO,02/01/2024,09:51:56,0.35,0.3,13440,0.35,56920,0,105880
FINNIFTY02JAN2420450PE.NFO,02/01/2024,09:52:05,0.3,0.3,13280,0.35,56720,160,105880
FINNIFTY02JAN2420450PE.NFO,02/01/2024,09:52:14,0.3,0.3,13280,0.35,56640,0,105880
FINNIFTY02JAN2420450PE.NFO,02/01/2024,09:52:23,0.3,0.3,24200,0.35,56640,0,105880
FINNIFTY02JAN2420450PE.NFO,02/01/2024,09:52:41,0.3,0.3,24200,0.35,57640,0,105880
FINNIFTY02JAN2420450PE.NFO,02/01/2024,09:53:08,0.35,0.3,44040,0.35,57600,40,105880
FINNIFTY02JAN2420450PE.NFO,02/01/2024,09:53:18,0.35,0.3,44040,0.35,57440,160,105880
FINNIFTY02JAN2420450PE.NFO,02/01/2024,09:53:27,0.35,0.3,44040,0.35,57160,280,105880
FINNIFTY02JAN2420450PE.NFO,02/01/2024,09:53:36,0.35,0.3,49640,0.35,52360,600,90280
FINNIFTY02JAN2420450PE.NFO,02/01/2024,09:53:46,0.35,0.3,49640,0.35,51520,120,90280
FINNIFTY02JAN2420450PE.NFO,02/01/2024,09:53:55,0.35,0.3,49640,0.35,51480,40,90280
FINNIFTY02JAN2420450PE.NFO,02/01/2024,09:54:04,0.3,0.3,49560,0.35,51480,80,90280
FINNIFTY02JAN2420450PE.NFO,02/01/2024,09:54:13,0.3,0.3,49360,0.35,52480,200,90280
FINNIFTY02JAN2420450PE.NFO,02/01/2024,09:54:31,0.3,0.3,48920,0.35,55520,440,90280
FINNIFTY02JAN2420450PE.NFO,02/01/2024,09:54:41,0.3,0.3,48720,0.35,55520,200,90280
FINNIFTY02JAN2420450PE.NFO,02/01/2024,09:54:50,0.3,0.3,48720,0.35,55520,0,90280
FINNIFTY02JAN2420450PE.NFO,02/01/2024,09:55:01,0.3,0.3,49600,0.35,53280,8040,90280
FINNIFTY02JAN2420450PE.NFO,02/01/2024,09:55:12,0.3,0.3,49000,0.35,56160,1200,90280
FINNIFTY02JAN2420450PE.NFO,02/01/2024,09:55:22,0.3,0.3,52440,0.35,56160,400,90280
FINNIFTY02JAN2420450PE.NFO,02/01/2024,09:55:32,0.3,0.3,54520,0.35,56160,1280,90280
FINNIFTY02JAN2420450PE.NFO,02/01/2024,09:55:43,0.35,0.3,54000,0.35,59480,1280,90280
FINNIFTY02JAN2420450PE.NFO,02/01/2024,09:56:04,0.35,0.3,52960,0.35,63640,4160,90280
FINNIFTY02JAN2420450PE.NFO,02/01/2024,09:56:16,0.3,0.3,52760,0.35,58200,400,90280
FINNIFTY02JAN2420450PE.NFO,02/01/2024,09:56:29,0.3,0.3,52440,0.35,61080,320,90280
FINNIFTY02JAN2420450PE.NFO,02/01/2024,09:56:41,0.3,0.3,48360,0.35,61080,480,81120
FINNIFTY02JAN2420450PE.NFO,02/01/2024,09:56:53,0.3,0.3,39600,0.35,54360,4560,81120
FINNIFTY02JAN2420450PE.NFO,02/01/2024,09:57:05,0.3,0.3,39080,0.35,61800,520,81120
FINNIFTY02JAN2420450PE.NFO,02/01/2024,09:57:18,0.35,0.3,38760,0.35,54760,320,81120
FINNIFTY02JAN2420450PE.NFO,02/01/2024,09:57:31,0.35,0.3,76720,0.35,71520,4680,81120
FINNIFTY02JAN2420450PE.NFO,02/01/2024,09:57:43,0.35,0.3,83920,0.35,73000,1840,81120
FINNIFTY02JAN2420450PE.NFO,02/01/2024,09:57:54,0.3,0.3,45920,0.35,63040,600,81120
FINNIFTY02JAN2420450PE.NFO,02/01/2024,09:58:05,0.3,0.3,45640,0.35,63040,280,81120
FINNIFTY02JAN2420450PE.NFO,02/01/2024,09:58:17,0.3,0.3,38960,0.35,63480,880,81120
FINNIFTY02JAN2420450PE.NFO,02/01/2024,09:58:28,0.35,0.3,34400,0.35,63320,1240,81120
FINNIFTY02JAN2420450PE.NFO,02/01/2024,09:58:41,0.3,0.3,33960,0.35,66160,840,81120
FINNIFTY02JAN2420450PE.NFO,02/01/2024,09:58:52,0.3,0.3,30680,0.35,58040,0,81120
FINNIFTY02JAN2420450PE.NFO,02/01/2024,09:59:02,0.3,0.3,32040,0.35,65200,2800,81120
FINNIFTY02JAN2420450PE.NFO,02/01/2024,09:59:13,0.3,0.3,31200,0.35,66600,1160,81120
FINNIFTY02JAN2420450PE.NFO,02/01/2024,09:59:26,0.3,0.3,42000,0.35,59000,0,81120
FINNIFTY02JAN2420450PE.NFO,02/01/2024,09:59:37,0.3,0.3,42400,0.35,62600,0,81120
FINNIFTY02JAN2420450PE.NFO,02/01/2024,09:59:48,0.3,0.3,40160,0.35,59320,640,90440
FINNIFTY02JAN2420450PE.NFO,02/01/2024,09:59:59,0.35,0.3,40160,0.35,62120,80,90440
FINNIFTY02JAN2420450PE.NFO,02/01/2024,10:00:10,0.35,0.3,42040,0.35,69520,3320,90440
FINNIFTY02JAN2420450PE.NFO,02/01/2024,10:00:22,0.35,0.3,59280,0.35,83000,480,90440
FINNIFTY02JAN2420450PE.NFO,02/01/2024,10:00:35,0.3,0.3,59360,0.35,86320,360,90440
FINNIFTY02JAN2420450PE.NFO,02/01/2024,10:00:47,0.3,0.3,61160,0.35,86000,0,90440
FINNIFTY02JAN2420450PE.NFO,02/01/2024,10:01:08,0.3,0.3,61120,0.35,86000,40,90440
FINNIFTY02JAN2420450PE.NFO,02/01/2024,10:01:19,0.3,0.3,49680,0.35,86320,640,90440
FINNIFTY02JAN2420450PE.NFO,02/01/2024,10:01:31,0.3,0.3,51440,0.35,85960,40,90440
FINNIFTY02JAN2420450PE.NFO,02/01/2024,10:01:41,0.3,0.3,49320,0.35,90280,160,90440
FINNIFTY02JAN2420450PE.NFO,02/01/2024,10:01:52,0.3,0.3,50920,0.35,90280,200,90440
FINNIFTY02JAN2420450PE.NFO,02/01/2024,10:02:02,0.3,0.3,51120,0.35,89360,200,90440
FINNIFTY02JAN2420450PE.NFO,02/01/2024,10:02:12,0.35,0.3,51120,0.35,88880,400,90440
FINNIFTY02JAN2420450PE.NFO,02/01/2024,10:02:23,0.3,0.3,50200,0.35,89880,920,90440
FINNIFTY02JAN2420450PE.NFO,02/01/2024,10:02:33,0.3,0.3,47440,0.35,90520,3600,90440
FINNIFTY02JAN2420450PE.NFO,02/01/2024,10:02:43,0.3,0.3,47440,0.35,90520,0,90440
FINNIFTY02JAN2420450PE.NFO,02/01/2024,10:03:03,0.3,0.3,46840,0.35,91200,920,91560
FINNIFTY02JAN2420450PE.NFO,02/01/2024,10:03:14,0.3,0.3,44800,0.35,90800,240,91560
FINNIFTY02JAN2420450PE.NFO,02/01/2024,10:03:27,0.3,0.3,40840,0.35,90800,360,91560
FINNIFTY02JAN2420450PE.NFO,02/01/2024,10:03:50,0.3,0.3,40240,0.35,90480,600,91560
FINNIFTY02JAN2420450PE.NFO,02/01/2024,10:04:00,0.3,0.3,38440,0.35,90800,2280,91560
FINNIFTY02JAN2420450PE.NFO,02/01/2024,10:04:10,0.3,0.3,38120,0.35,90800,320,91560
FINNIFTY02JAN2420450PE.NFO,02/01/2024,10:04:21,0.3,0.3,37760,0.35,90800,360,91560
FINNIFTY02JAN2420450PE.NFO,02/01/2024,10:04:31,0.3,0.3,37000,0.35,90960,1200,91560
FINNIFTY02JAN2420450PE.NFO,02/01/2024,10:04:41,0.3,0.3,36960,0.35,90840,160,91560
FINNIFTY02JAN2420450PE.NFO,02/01/2024,10:04:52,0.3,0.3,37720,0.35,90840,760,91560
FINNIFTY02JAN2420450PE.NFO,02/01/2024,10:05:02,0.35,0.3,35320,0.35,89600,2560,91560
FINNIFTY02JAN2420450PE.NFO,02/01/2024,10:05:13,0.35,0.3,35320,0.35,88360,1240,91560
FINNIFTY02JAN2420450PE.NFO,02/01/2024,10:05:23,0.35,0.3,35880,0.35,92240,760,91560
FINNIFTY02JAN2420450PE.NFO,02/01/2024,10:05:33,0.3,0.3,44840,0.35,94080,320,91560
FINNIFTY02JAN2420450PE.NFO,02/01/2024,10:05:43,0.3,0.3,23120,0.35,69520,440,97440
FINNIFTY02JAN2420450PE.NFO,02/01/2024,10:05:53,0.35,0.3,30640,0.35,80800,680,97440
FINNIFTY02JAN2420450PE.NFO,02/01/2024,10:06:03,0.35,0.3,30480,0.35,84680,520,97440
FINNIFTY02JAN2420450PE.NFO,02/01/2024,10:06:14,0.35,0.3,30840,0.35,82320,3640,97440
FINNIFTY02JAN2420450PE.NFO,02/01/2024,10:06:24,0.35,0.3,32680,0.35,86800,1680,97440
FINNIFTY02JAN2420450PE.NFO,02/01/2024,10:06:34,0.35,0.3,32680,0.35,86400,360,97440
FINNIFTY02JAN2420450PE.NFO,02/01/2024,10:06:44,0.35,0.3,31840,0.35,87160,240,97440
FINNIFTY02JAN2420450PE.NFO,02/01/2024,10:06:55,0.35,0.3,33640,0.35,86760,40,97440
FINNIFTY02JAN2420450PE.NFO,02/01/2024,10:07:16,0.35,0.3,33840,0.35,87080,0,97440
FINNIFTY02JAN2420450PE.NFO,02/01/2024,10:07:26,0.3,0.3,31920,0.35,87080,120,97440
FINNIFTY02JAN2420450PE.NFO,02/01/2024,10:07:37,0.3,0.3,33400,0.35,87080,320,97440
FINNIFTY02JAN2420450PE.NFO,02/01/2024,10:07:48,0.3,0.3,31200,0.35,86760,400,97440
FINNIFTY02JAN2420450PE.NFO,02/01/2024,10:07:58,0.3,0.3,30560,0.35,86760,640,97440
FINNIFTY02JAN2420450PE.NFO,02/01/2024,10:08:08,0.3,0.3,30520,0.35,87040,80,97440
FINNIFTY02JAN2420450PE.NFO,02/01/2024,10:08:18,0.3,0.3,30480,0.35,87080,40,97440
FINNIFTY02JAN2420450PE.NFO,02/01/2024,10:08:28,0.35,0.3,30440,0.35,87040,80,97440
FINNIFTY02JAN2420450PE.NFO,02/01/2024,10:08:38,0.35,0.3,30400,0.35,87360,160,97440
FINNIFTY02JAN2420450PE.NFO,02/01/2024,10:08:48,0.35,0.3,32160,0.35,87040,360,97120
FINNIFTY02JAN2420450PE.NFO,02/01/2024,10:08:58,0.35,0.3,32160,0.35,86800,240,97120
FINNIFTY02JAN2420450PE.NFO,02/01/2024,10:09:08,0.35,0.3,32120,0.35,85800,720,97120
FINNIFTY02JAN2420450PE.NFO,02/01/2024,10:09:18,0.3,0.3,32040,0.35,91720,600,97120
FINNIFTY02JAN2420450PE.NFO,02/01/2024,10:09:28,0.3,0.3,32000,0.35,91720,40,97120
FINNIFTY02JAN2420450PE.NFO,02/01/2024,10:09:57,0.35,0.3,32000,0.35,91560,160,97120
FINNIFTY02JAN2420450PE.NFO,02/01/2024,10:10:07,0.35,0.3,34960,0.35,92040,5080,97120
FINNIFTY02JAN2420450PE.NFO,02/01/2024,10:10:17,0.35,0.3,34920,0.35,91480,280,97120
FINNIFTY02JAN2420450PE.NFO,02/01/2024,10:10:26,0.35,0.3,35880,0.35,81880,5760,97120
FINNIFTY02JAN2420450PE.NFO,02/01/2024,10:10:37,0.35,0.3,39480,0.35,78320,7680,97120
FINNIFTY02JAN2420450PE.NFO,02/01/2024,10:10:47,0.35,0.3,64680,0.35,78160,160,97120
FINNIFTY02JAN2420450PE.NFO,02/01/2024,10:10:56,0.35,0.3,37680,0.35,78040,120,97120
FINNIFTY02JAN2420450PE.NFO,02/01/2024,10:11:06,0.35,0.3,37680,0.35,87840,0,97120
FINNIFTY02JAN2420450PE.NFO,02/01/2024,10:11:16,0.35,0.3,37680,0.35,87880,0,97120
FINNIFTY02JAN2420450PE.NFO,02/01/2024,10:11:26,0.35,0.3,46680,0.35,87880,0,97120
FINNIFTY02JAN2420450PE.NFO,02/01/2024,10:11:36,0.3,0.3,53680,0.35,86920,440,96520
FINNIFTY02JAN2420450PE.NFO,02/01/2024,10:11:54,0.3,0.3,53680,0.35,87720,0,96520
FINNIFTY02JAN2420450PE.NFO,02/01/2024,10:12:03,0.3,0.3,51880,0.35,87720,1800,96520
FINNIFTY02JAN2420450PE.NFO,02/01/2024,10:12:22,0.3,0.3,54880,0.35,87720,0,96520
FINNIFTY02JAN2420450PE.NFO,02/01/2024,10:12:32,0.35,0.3,54880,0.35,87800,120,96520
FINNIFTY02JAN2420450PE.NFO,02/01/2024,10:12:43,0.35,0.3,54880,0.35,90920,280,96520
FINNIFTY02JAN2420450PE.NFO,02/01/2024,10:12:54,0.3,0.3,53120,0.35,88600,2120,96520
FINNIFTY02JAN2420450PE.NFO,02/01/2024,10:13:04,0.3,0.3,56720,0.35,89000,0,96520
FINNIFTY02JAN2420450PE.NFO,02/01/2024,10:13:15,0.3,0.3,56360,0.35,91880,360,96520
FINNIFTY02JAN2420450PE.NFO,02/01/2024,10:13:34,0.3,0.3,56360,0.35,91960,0,96520
FINNIFTY02JAN2420450PE.NFO,02/01/2024,10:13:54,0.3,0.3,57560,0.35,90520,600,96520
FINNIFTY02JAN2420450PE.NFO,02/01/2024,10:14:04,0.35,0.3,57640,0.35,89240,800,96520
FINNIFTY02JAN2420450PE.NFO,02/01/2024,10:14:15,0.3,0.3,57320,0.35,89000,560,96520
FINNIFTY02JAN2420450PE.NFO,02/01/2024,10:14:24,0.3,0.3,60360,0.35,89000,2000,96520
FINNIFTY02JAN2420450PE.NFO,02/01/2024,10:14:34,0.3,0.3,59920,0.35,89000,440,96520
FINNIFTY02JAN2420450PE.NFO,02/01/2024,10:14:45,0.3,0.3,62440,0.35,88920,1280,102880
FINNIFTY02JAN2420450PE.NFO,02/01/2024,10:14:55,0.3,0.3,62240,0.35,88920,200,102880
FINNIFTY02JAN2420450PE.NFO,02/01/2024,10:15:04,0.3,0.3,57840,0.35,84560,4400,102880
FINNIFTY02JAN2420450PE.NFO,02/01/2024,10:15:24,0.3,0.3,57640,0.35,78800,200,102880
FINNIFTY02JAN2420450PE.NFO,02/01/2024,10:15:34,0.3,0.3,57560,0.35,78800,80,102880
FINNIFTY02JAN2420450PE.NFO,02/01/2024,10:15:44,0.3,0.3,55760,0.35,79240,2280,102880
FINNIFTY02JAN2420450PE.NFO,02/01/2024,10:15:53,0.3,0.3,55360,0.35,80360,0,102880
FINNIFTY02JAN2420450PE.NFO,02/01/2024,10:16:03,0.3,0.3,54760,0.35,80680,600,102880
FINNIFTY02JAN2420450PE.NFO,02/01/2024,10:16:13,0.35,0.3,52880,0.35,78640,2120,102880
FINNIFTY02JAN2420450PE.NFO,02/01/2024,10:16:43,0.35,0.3,52880,0.35,78640,0,102880
FINNIFTY02JAN2420450PE.NFO,02/01/2024,10:16:53,0.3,0.3,49720,0.35,80800,3160,102880
FINNIFTY02JAN2420450PE.NFO,02/01/2024,10:17:02,0.3,0.3,46920,0.35,80800,1000,102880
FINNIFTY02JAN2420450PE.NFO,02/01/2024,10:17:12,0.3,0.3,46720,0.35,77680,440,102880
FINNIFTY02JAN2420450PE.NFO,02/01/2024,10:17:22,0.35,0.3,43560,0.35,80240,3480,102880
FINNIFTY02JAN2420450PE.NFO,02/01/2024,10:17:32,0.3,0.3,66920,0.35,88600,33400,102880
FINNIFTY02JAN2420450PE.NFO,02/01/2024,10:17:42,0.35,0.3,66840,0.35,88160,520,102880
FINNIFTY02JAN2420450PE.NFO,02/01/2024,10:17:51,0.3,0.3,66440,0.35,88560,400,88760
FINNIFTY02JAN2420450PE.NFO,02/01/2024,10:18:01,0.3,0.3,65880,0.35,88560,560,88760
FINNIFTY02JAN2420450PE.NFO,02/01/2024,10:18:10,0.3,0.3,64760,0.35,88720,1120,88760
FINNIFTY02JAN2420450PE.NFO,02/01/2024,10:18:20,0.3,0.3,64160,0.35,90400,600,88760
FINNIFTY02JAN2420450PE.NFO,02/01/2024,10:18:49,0.3,0.3,65400,0.35,90400,800,88760
FINNIFTY02JAN2420450PE.NFO,02/01/2024,10:18:58,0.3,0.3,65040,0.35,91400,1000,88760
FINNIFTY02JAN2420450PE.NFO,02/01/2024,10:19:46,0.3,0.3,64440,0.35,91400,600,88760
FINNIFTY02JAN2420450PE.NFO,02/01/2024,10:19:55,0.3,0.3,64360,0.35,96400,160,88760
FINNIFTY02JAN2420450PE.NFO,02/01/2024,10:20:04,0.3,0.3,64520,0.35,96400,40,88760
FINNIFTY02JAN2420450PE.NFO,02/01/2024,10:20:24,0.35,0.3,64320,0.35,95880,200,88760
FINNIFTY02JAN2420450PE.NFO,02/01/2024,10:20:33,0.3,0.3,62520,0.35,95880,1800,88760
FINNIFTY02JAN2420450PE.NFO,02/01/2024,10:20:43,0.3,0.3,62480,0.35,96200,40,94640
FINNIFTY02JAN2420450PE.NFO,02/01/2024,10:20:53,0.3,0.3,62480,0.35,96200,0,94640
FINNIFTY02JAN2420450PE.NFO,02/01/2024,10:21:03,0.3,0.3,51160,0.35,84680,0,94640
FINNIFTY02JAN2420450PE.NFO,02/01/2024,10:21:12,0.3,0.3,50160,0.35,84360,1000,94640
FINNIFTY02JAN2420450PE.NFO,02/01/2024,10:21:22,0.3,0.3,50080,0.35,84680,80,94640
FINNIFTY02JAN2420450PE.NFO,02/01/2024,10:21:32,0.3,0.3,50040,0.35,83920,40,94640
FINNIFTY02JAN2420450PE.NFO,02/01/2024,10:21:52,0.3,0.3,50040,0.35,86960,0,94640
FINNIFTY02JAN2420450PE.NFO,02/01/2024,10:22:41,0.3,0.3,49320,0.35,87200,1400,94640
FINNIFTY02JAN2420450PE.NFO,02/01/2024,10:23:01,0.3,0.3,48400,0.35,87240,920,94640
FINNIFTY02JAN2420450PE.NFO,02/01/2024,10:23:11,0.3,0.3,44440,0.35,89040,400,94640
FINNIFTY02JAN2420450PE.NFO,02/01/2024,10:23:21,0.35,0.3,44440,0.35,89040,40,94640
FINNIFTY02JAN2420450PE.NFO,02/01/2024,10:23:31,0.35,0.3,44040,0.35,88840,600,94640
FINNIFTY02JAN2420450PE.NFO,02/01/2024,10:23:41,0.35,0.3,44040,0.35,88720,120,94640
FINNIFTY02JAN2420450PE.NFO,02/01/2024,10:24:02,0.3,0.3,26000,0.35,90920,32440,96120
FINNIFTY02JAN2420450PE.NFO,02/01/2024,10:24:12,0.3,0.3,24600,0.35,90840,1440,96120
FINNIFTY02JAN2420450PE.NFO,02/01/2024,10:24:22,0.35,0.3,25440,0.35,83720,40,96120
FINNIFTY02JAN2420450PE.NFO,02/01/2024,10:24:52,0.3,0.3,25400,0.35,86600,40,96120
FINNIFTY02JAN2420450PE.NFO,02/01/2024,10:25:04,0.3,0.3,25400,0.35,86400,0,96120
FINNIFTY02JAN2420450PE.NFO,02/01/2024,10:25:26,0.35,0.3,25400,0.35,86040,40,96120
FINNIFTY02JAN2420450PE.NFO,02/01/2024,10:25:57,0.35,0.3,27200,0.35,86320,40,96120
FINNIFTY02JAN2420450PE.NFO,02/01/2024,10:26:08,0.35,0.3,27200,0.35,86320,0,96120
FINNIFTY02JAN2420450PE.NFO,02/01/2024,10:27:05,0.3,0.3,26280,0.35,84960,920,124560
FINNIFTY02JAN2420450PE.NFO,02/01/2024,10:27:16,0.3,0.3,25240,0.35,84960,1040,124560
FINNIFTY02JAN2420450PE.NFO,02/01/2024,10:27:27,0.3,0.3,21640,0.35,84960,1800,124560
FINNIFTY02JAN2420450PE.NFO,02/01/2024,10:27:47,0.3,0.3,21040,0.35,85280,600,124560
FINNIFTY02JAN2420450PE.NFO,02/01/2024,10:28:08,0.3,0.3,14160,0.35,79280,1800,124560
FINNIFTY02JAN2420450PE.NFO,02/01/2024,10:28:29,0.3,0.25,132520,0.3,60040,27480,124560
FINNIFTY02JAN2420450PE.NFO,02/01/2024,10:28:39,0.3,0.25,132520,0.3,59840,200,124560
FINNIFTY02JAN2420450PE.NFO,02/01/2024,10:28:48,0.3,0.25,132480,0.3,62880,600,124560
FINNIFTY02JAN2420450PE.NFO,02/01/2024,10:28:48,0.25,0.25,132480,0.3,62880,0,124560
FINNIFTY02JAN2420450PE.NFO,02/01/2024,10:28:58,0.3,0.25,133680,0.3,63160,80,124560
FINNIFTY02JAN2420450PE.NFO,02/01/2024,10:29:08,0.3,0.25,133680,0.3,63160,0,124560
FINNIFTY02JAN2420450PE.NFO,02/01/2024,10:29:18,0.3,0.25,133680,0.3,64520,80,124560
FINNIFTY02JAN2420450PE.NFO,02/01/2024,10:29:28,0.3,0.25,134880,0.3,72160,2720,124560
FINNIFTY02JAN2420450PE.NFO,02/01/2024,10:29:59,0.3,0.25,134880,0.3,70800,1040,130560
FINNIFTY02JAN2420450PE.NFO,02/01/2024,10:30:11,0.25,0.25,133080,0.3,70200,1800,130560
FINNIFTY02JAN2420450PE.NFO,02/01/2024,10:30:22,0.3,0.25,146520,0.3,86840,720,130560
FINNIFTY02JAN2420450PE.NFO,02/01/2024,10:30:34,0.3,0.25,146520,0.3,86720,120,130560
FINNIFTY02JAN2420450PE.NFO,02/01/2024,10:30:44,0.3,0.25,146520,0.3,86680,40,130560
FINNIFTY02JAN2420450PE.NFO,02/01/2024,10:30:54,0.3,0.25,146520,0.3,86240,440,130560
FINNIFTY02JAN2420450PE.NFO,02/01/2024,10:31:14,0.3,0.25,146520,0.3,86200,40,130560
FINNIFTY02JAN2420450PE.NFO,02/01/2024,10:31:34,0.3,0.25,146520,0.3,85920,40,130560
FINNIFTY02JAN2420450PE.NFO,02/01/2024,10:31:44,0.3,0.25,146120,0.3,85720,200,130560
FINNIFTY02JAN2420450PE.NFO,02/01/2024,10:31:55,0.3,0.25,146120,0.3,85440,280,130560
FINNIFTY02JAN2420450PE.NFO,02/01/2024,10:32:06,0.3,0.25,146120,0.3,85080,360,130560
FINNIFTY02JAN2420450PE.NFO,02/01/2024,10:32:56,0.3,0.25,146120,0.3,85080,0,130560
FINNIFTY02JAN2420450PE.NFO,02/01/2024,10:33:05,0.25,0.25,145680,0.3,85080,440,127800
FINNIFTY02JAN2420450PE.NFO,02/01/2024,10:33:25,0.25,0.25,145280,0.3,85080,400,127800
FINNIFTY02JAN2420450PE.NFO,02/01/2024,10:33:44,0.25,0.25,143480,0.3,85080,0,127800
FINNIFTY02JAN2420450PE.NFO,02/01/2024,10:34:04,0.25,0.25,133400,0.3,85080,0,127800
FINNIFTY02JAN2420450PE.NFO,02/01/2024,10:34:24,0.3,0.25,133400,0.3,84920,160,127800
FINNIFTY02JAN2420450PE.NFO,02/01/2024,10:34:34,0.3,0.25,133400,0.3,84920,0,127800
FINNIFTY02JAN2420450PE.NFO,02/01/2024,10:34:43,0.3,0.25,133400,0.3,84120,800,127800
FINNIFTY02JAN2420450PE.NFO,02/01/2024,10:36:38,0.25,0.25,134640,0.3,84040,1040,127840
FINNIFTY02JAN2420450PE.NFO,02/01/2024,10:36:50,0.3,0.25,132960,0.3,68280,1840,127840
FINNIFTY02JAN2420450PE.NFO,02/01/2024,10:37:01,0.25,0.25,132400,0.3,68200,640,127840
FINNIFTY02JAN2420450PE.NFO,02/01/2024,10:37:47,0.3,0.25,130200,0.3,74560,1240,127840
FINNIFTY02JAN2420450PE.NFO,02/01/2024,10:38:07,0.25,0.25,130120,0.3,74560,80,127840
FINNIFTY02JAN2420450PE.NFO,02/01/2024,10:38:17,0.3,0.25,131640,0.3,74280,2200,127840
FINNIFTY02JAN2420450PE.NFO,02/01/2024,10:38:27,0.3,0.25,131640,0.3,73480,440,127840
FINNIFTY02JAN2420450PE.NFO,02/01/2024,10:38:37,0.25,0.25,131560,0.3,73840,80,127840
FINNIFTY02JAN2420450PE.NFO,02/01/2024,10:38:47,0.25,0.25,131560,0.3,73840,0,127840
FINNIFTY02JAN2420450PE.NFO,02/01/2024,10:38:58,0.3,0.25,131560,0.3,77280,200,128880
FINNIFTY02JAN2420450PE.NFO,02/01/2024,10:39:22,0.3,0.25,131560,0.3,77240,40,128880
FINNIFTY02JAN2420450PE.NFO,02/01/2024,10:39:44,0.25,0.25,130600,0.3,77240,960,128880
FINNIFTY02JAN2420450PE.NFO,02/01/2024,10:40:06,0.25,0.25,130560,0.3,76840,40,128880
FINNIFTY02JAN2420450PE.NFO,02/01/2024,10:40:17,0.3,0.25,130560,0.3,76480,360,128880
FINNIFTY02JAN2420450PE.NFO,02/01/2024,10:41:53,0.25,0.25,130840,0.3,76080,560,128320
FINNIFTY02JAN2420450PE.NFO,02/01/2024,10:42:03,0.25,0.25,130600,0.3,76080,240,128320
FINNIFTY02JAN2420450PE.NFO,02/01/2024,10:42:14,0.25,0.25,130000,0.3,76080,200,128320
FINNIFTY02JAN2420450PE.NFO,02/01/2024,10:42:35,0.25,0.25,129920,0.3,76480,80,128320
FINNIFTY02JAN2420450PE.NFO,02/01/2024,10:42:45,0.25,0.25,129760,0.3,76240,400,128320
FINNIFTY02JAN2420450PE.NFO,02/01/2024,10:42:56,0.25,0.25,129520,0.3,76240,240,128320
FINNIFTY02JAN2420450PE.NFO,02/01/2024,10:43:07,0.25,0.25,135000,0.3,81040,11880,128320
FINNIFTY02JAN2420450PE.NFO,02/01/2024,10:43:17,0.3,0.25,136600,0.3,80800,1400,128320
FINNIFTY02JAN2420450PE.NFO,02/01/2024,10:43:28,0.25,0.25,136440,0.3,80760,200,128320
FINNIFTY02JAN2420450PE.NFO,02/01/2024,10:43:39,0.25,0.25,134600,0.3,80760,40,128320
FINNIFTY02JAN2420450PE.NFO,02/01/2024,10:43:49,0.25,0.25,134440,0.3,80720,200,128320
FINNIFTY02JAN2420450PE.NFO,02/01/2024,10:43:59,0.3,0.25,134320,0.3,80680,160,128320
FINNIFTY02JAN2420450PE.NFO,02/01/2024,10:44:10,0.25,0.25,133640,0.3,81360,320,128320
FINNIFTY02JAN2420450PE.NFO,02/01/2024,10:44:20,0.25,0.25,133480,0.3,86200,400,128320
FINNIFTY02JAN2420450PE.NFO,02/01/2024,10:44:30,0.25,0.25,133240,0.3,85400,640,128320
FINNIFTY02JAN2420450PE.NFO,02/01/2024,10:44:40,0.25,0.25,133160,0.3,85240,760,114840
FINNIFTY02JAN2420450PE.NFO,02/01/2024,10:44:51,0.25,0.25,132880,0.3,85240,280,114840
FINNIFTY02JAN2420450PE.NFO,02/01/2024,10:45:01,0.25,0.25,132640,0.3,84880,280,114840
FINNIFTY02JAN2420450PE.NFO,02/01/2024,10:45:12,0.25,0.25,132320,0.3,84880,320,114840
FINNIFTY02JAN2420450PE.NFO,02/01/2024,10:45:22,0.25,0.25,130320,0.3,84880,160,114840
FINNIFTY02JAN2420450PE.NFO,02/01/2024,10:45:32,0.25,0.25,130160,0.3,84880,160,114840
FINNIFTY02JAN2420450PE.NFO,02/01/2024,10:45:42,0.25,0.25,129920,0.3,85200,240,114840
FINNIFTY02JAN2420450PE.NFO,02/01/2024,10:45:52,0.25,0.25,129840,0.3,85200,80,114840
FINNIFTY02JAN2420450PE.NFO,02/01/2024,10:46:02,0.25,0.25,129760,0.3,84880,80,114840
FINNIFTY02JAN2420450PE.NFO,02/01/2024,10:46:12,0.25,0.25,120640,0.3,85200,120,114840
FINNIFTY02JAN2420450PE.NFO,02/01/2024,10:46:22,0.25,0.25,120600,0.3,85200,40,114840
FINNIFTY02JAN2420450PE.NFO,02/01/2024,10:46:31,0.25,0.25,120560,0.3,84880,40,114840
FINNIFTY02JAN2420450PE.NFO,02/01/2024,10:46:41,0.25,0.25,120600,0.3,85520,720,114840
FINNIFTY02JAN2420450PE.NFO,02/01/2024,10:46:51,0.25,0.25,120800,0.3,85240,1440,114840
FINNIFTY02JAN2420450PE.NFO,02/01/2024,10:47:02,0.25,0.25,120400,0.3,84640,680,114840
FINNIFTY02JAN2420450PE.NFO,02/01/2024,10:47:12,0.25,0.25,120320,0.3,90040,80,114840
FINNIFTY02JAN2420450PE.NFO,02/01/2024,10:47:22,0.3,0.25,120320,0.3,89800,240,114840
FINNIFTY02JAN2420450PE.NFO,02/01/2024,10:48:53,0.25,0.25,120080,0.3,90200,240,112760
FINNIFTY02JAN2420450PE.NFO,02/01/2024,10:49:14,0.25,0.25,120040,0.3,90160,1120,112760
FINNIFTY02JAN2420450PE.NFO,02/01/2024,10:49:25,0.25,0.25,120160,0.3,89840,280,112760
FINNIFTY02JAN2420450PE.NFO,02/01/2024,10:49:35,0.25,0.25,119520,0.3,89840,240,112760
FINNIFTY02JAN2420450PE.NFO,02/01/2024,10:49:45,0.25,0.25,119360,0.3,89840,160,112760
FINNIFTY02JAN2420450PE.NFO,02/01/2024,10:51:18,0.25,0.25,118960,0.3,89840,400,111840
FINNIFTY02JAN2420450PE.NFO,02/01/2024,10:51:37,0.25,0.25,118480,0.3,89840,480,111840
FINNIFTY02JAN2420450PE.NFO,02/01/2024,10:51:47,0.25,0.25,118480,0.3,91640,0,111840
FINNIFTY02JAN2420450PE.NFO,02/01/2024,10:51:57,0.25,0.25,118200,0.3,91640,280,111840
FINNIFTY02JAN2420450PE.NFO,02/01/2024,10:52:16,0.25,0.25,118160,0.3,91640,40,111840
FINNIFTY02JAN2420450PE.NFO,02/01/2024,10:52:36,0.3,0.25,118160,0.3,90040,1600,111840
FINNIFTY02JAN2420450PE.NFO,02/01/2024,10:52:46,0.3,0.25,118160,0.3,91200,0,111840
FINNIFTY02JAN2420450PE.NFO,02/01/2024,10:54:03,0.3,0.25,112760,0.3,91200,0,111840
FINNIFTY02JAN2420450PE.NFO,02/01/2024,10:54:12,0.3,0.25,109160,0.3,91200,0,111840
FINNIFTY02JAN2420450PE.NFO,02/01/2024,10:55:08,0.3,0.25,98360,0.3,91200,0,111840
FINNIFTY02JAN2420450PE.NFO,02/01/2024,10:55:17,0.3,0.25,98360,0.3,89200,200,113000
FINNIFTY02JAN2420450PE.NFO,02/01/2024,10:55:26,0.25,0.25,92960,0.3,89200,5400,113000
FINNIFTY02JAN2420450PE.NFO,02/01/2024,10:55:46,0.25,0.25,92960,0.3,89200,0,113000
FINNIFTY02JAN2420450PE.NFO,02/01/2024,10:56:05,0.3,0.25,92960,0.3,89000,200,113000
FINNIFTY02JAN2420450PE.NFO,02/01/2024,10:56:14,0.3,0.25,119960,0.3,89000,0,113000
FINNIFTY02JAN2420450PE.NFO,02/01/2024,10:56:23,0.3,0.25,92600,0.3,88800,560,113000
FINNIFTY02JAN2420450PE.NFO,02/01/2024,10:56:42,0.3,0.25,101600,0.3,88800,0,113000
FINNIFTY02JAN2420450PE.NFO,02/01/2024,10:56:52,0.25,0.25,102080,0.3,90240,1320,112400
FINNIFTY02JAN2420450PE.NFO,02/01/2024,10:57:02,0.3,0.25,93080,0.3,79320,120,112400
FINNIFTY02JAN2420450PE.NFO,02/01/2024,10:57:12,0.3,0.25,102080,0.3,79360,320,112400
FINNIFTY02JAN2420450PE.NFO,02/01/2024,10:57:41,0.3,0.25,91280,0.3,83360,0,112400
FINNIFTY02JAN2420450PE.NFO,02/01/2024,10:57:51,0.25,0.25,91240,0.3,82640,360,112400
FINNIFTY02JAN2420450PE.NFO,02/01/2024,10:58:01,0.3,0.25,92880,0.3,82080,1120,112400
FINNIFTY02JAN2420450PE.NFO,02/01/2024,10:58:11,0.3,0.25,91320,0.3,82600,440,112400
FINNIFTY02JAN2420450PE.NFO,02/01/2024,10:58:48,0.25,0.25,91120,0.3,83000,200,112400
FINNIFTY02JAN2420450PE.NFO,02/01/2024,10:59:27,0.25,0.25,100120,0.3,82680,0,112400
FINNIFTY02JAN2420450PE.NFO,02/01/2024,10:59:37,0.25,0.25,100320,0.3,82680,0,112400
FINNIFTY02JAN2420450PE.NFO,02/01/2024,10:59:57,0.25,0.25,100120,0.3,82680,0,112400
FINNIFTY02JAN2420450PE.NFO,02/01/2024,11:00:07,0.25,0.25,91120,0.3,82680,0,112400
FINNIFTY02JAN2420450PE.NFO,02/01/2024,11:00:36,0.25,0.25,90920,0.3,82680,200,111760
FINNIFTY02JAN2420450PE.NFO,02/01/2024,11:00:45,0.25,0.25,90920,0.3,82680,0,111760
FINNIFTY02JAN2420450PE.NFO,02/01/2024,11:02:21,0.25,0.25,89120,0.3,84480,1800,111760
FINNIFTY02JAN2420450PE.NFO,02/01/2024,11:02:40,0.25,0.25,85320,0.3,86280,2000,111760
FINNIFTY02JAN2420450PE.NFO,02/01/2024,11:02:59,0.3,0.25,85320,0.3,86080,200,113760
FINNIFTY02JAN2420450PE.NFO,02/01/2024,11:03:27,0.3,0.25,85320,0.3,85880,200,113760
FINNIFTY02JAN2420450PE.NFO,02/01/2024,11:03:36,0.3,0.25,83520,0.3,87480,2000,113760
FINNIFTY02JAN2420450PE.NFO,02/01/2024,11:04:59,0.25,0.25,81720,0.3,87480,1800,113760
FINNIFTY02JAN2420450PE.NFO,02/01/2024,11:05:08,0.25,0.25,81720,0.3,96480,0,113760
FINNIFTY02JAN2420450PE.NFO,02/01/2024,11:07:30,0.3,0.25,73320,0.3,88440,360,116760
FINNIFTY02JAN2420450PE.NFO,02/01/2024,11:09:58,0.3,0.25,57120,0.3,72880,0,116760
FINNIFTY02JAN2420450PE.NFO,02/01/2024,11:10:08,0.3,0.25,72880,0.3,55600,29600,116760
FINNIFTY02JAN2420450PE.NFO,02/01/2024,11:10:17,0.3,0.25,62080,0.3,44800,0,116760
FINNIFTY02JAN2420450PE.NFO,02/01/2024,11:10:26,0.3,0.25,80080,0.3,43360,1440,116760
FINNIFTY02JAN2420450PE.NFO,02/01/2024,11:10:36,0.3,0.25,101000,0.3,43360,0,116760
FINNIFTY02JAN2420450PE.NFO,02/01/2024,11:10:54,0.3,0.3,32120,0.35,17760,43800,116760
FINNIFTY02JAN2420450PE.NFO,02/01/2024,11:11:03,0.35,0.3,34960,0.35,26080,10640,116760
FINNIFTY02JAN2420450PE.NFO,02/01/2024,11:11:12,0.35,0.3,31360,0.35,20440,0,116760
FINNIFTY02JAN2420450PE.NFO,02/01/2024,11:11:21,0.3,0.3,34800,0.35,19800,2720,116760
FINNIFTY02JAN2420450PE.NFO,02/01/2024,11:11:31,0.3,0.3,41720,0.35,29440,2360,116760
FINNIFTY02JAN2420450PE.NFO,02/01/2024,11:11:40,0.3,0.3,42960,0.35,29400,440,116760
FINNIFTY02JAN2420450PE.NFO,02/01/2024,11:11:48,0.35,0.3,42960,0.35,28280,1760,111360
FINNIFTY02JAN2420450PE.NFO,02/01/2024,11:11:57,0.3,0.3,44400,0.35,28280,1760,111360
FINNIFTY02JAN2420450PE.NFO,02/01/2024,11:12:07,0.3,0.3,40120,0.35,21720,0,111360
FINNIFTY02JAN2420450PE.NFO,02/01/2024,11:12:25,0.35,0.3,44800,0.35,30680,1280,111360
FINNIFTY02JAN2420450PE.NFO,02/01/2024,11:12:43,0.35,0.3,40120,0.35,22120,0,111360
FINNIFTY02JAN2420450PE.NFO,02/01/2024,11:12:52,0.35,0.3,36280,0.35,29640,12920,111360
FINNIFTY02JAN2420450PE.NFO,02/01/2024,11:13:01,0.3,0.3,23120,0.35,24440,16400,111360
FINNIFTY02JAN2420450PE.NFO,02/01/2024,11:13:11,0.35,0.3,23360,0.35,27840,9400,111360
FINNIFTY02JAN2420450PE.NFO,02/01/2024,11:13:20,0.35,0.3,23360,0.35,27840,0,111360
FINNIFTY02JAN2420450PE.NFO,02/01/2024,11:13:30,0.35,0.3,18280,0.35,20520,0,111360
FINNIFTY02JAN2420450PE.NFO,02/01/2024,11:13:41,0.35,0.3,28240,0.35,38040,10040,111360
FINNIFTY02JAN2420450PE.NFO,02/01/2024,11:13:51,0.35,0.3,28200,0.35,38040,0,111360
FINNIFTY02JAN2420450PE.NFO,02/01/2024,11:14:01,0.35,0.3,28200,0.35,34680,0,111360
FINNIFTY02JAN2420450PE.NFO,02/01/2024,11:14:10,0.35,0.3,28200,0.35,38520,0,111360
FINNIFTY02JAN2420450PE.NFO,02/01/2024,11:14:19,0.3,0.3,28200,0.35,38520,1800,111360
FINNIFTY02JAN2420450PE.NFO,02/01/2024,11:14:29,0.3,0.3,29800,0.35,38520,200,111360
FINNIFTY02JAN2420450PE.NFO,02/01/2024,11:15:07,0.35,0.3,25680,0.35,28800,5400,109320
FINNIFTY02JAN2420450PE.NFO,02/01/2024,11:15:17,0.35,0.35,35400,0.4,26240,26880,109320
FINNIFTY02JAN2420450PE.NFO,02/01/2024,11:15:27,0.4,0.35,26120,0.4,26560,3920,109320
FINNIFTY02JAN2420450PE.NFO,02/01/2024,11:15:37,0.35,0.35,28200,0.4,26160,120,109320
FINNIFTY02JAN2420450PE.NFO,02/01/2024,11:15:48,0.4,0.4,19680,0.45,40120,18760,109320
FINNIFTY02JAN2420450PE.NFO,02/01/2024,11:15:58,0.45,0.4,25600,0.45,39480,40,109320
FINNIFTY02JAN2420450PE.NFO,02/01/2024,11:16:08,0.45,0.4,25600,0.45,43000,0,109320
FINNIFTY02JAN2420450PE.NFO,02/01/2024,11:16:18,0.45,0.4,32680,0.45,49280,0,109320
FINNIFTY02JAN2420450PE.NFO,02/01/2024,11:16:27,0.4,0.4,33480,0.45,48320,6000,109320
FINNIFTY02JAN2420450PE.NFO,02/01/2024,11:16:37,0.4,0.4,33480,0.45,48320,0,109320
FINNIFTY02JAN2420450PE.NFO,02/01/2024,11:16:46,0.4,0.4,33480,0.45,50640,0,109320
FINNIFTY02JAN2420450PE.NFO,02/01/2024,11:16:56,0.45,0.4,33480,0.45,47960,880,109320
FINNIFTY02JAN2420450PE.NFO,02/01/2024,11:17:05,0.45,0.4,33480,0.45,48960,0,109320
FINNIFTY02JAN2420450PE.NFO,02/01/2024,11:17:24,0.45,0.4,33480,0.45,49880,0,109320
FINNIFTY02JAN2420450PE.NFO,02/01/2024,11:17:34,0.45,0.4,33080,0.45,49680,200,109320
FINNIFTY02JAN2420450PE.NFO,02/01/2024,11:17:53,0.4,0.4,30920,0.45,49440,7520,111800
FINNIFTY02JAN2420450PE.NFO,02/01/2024,11:18:02,0.4,0.4,30920,0.45,49440,200,111800
FINNIFTY02JAN2420450PE.NFO,02/01/2024,11:18:11,0.45,0.4,30920,0.45,50360,480,111800
FINNIFTY02JAN2420450PE.NFO,02/01/2024,11:18:21,0.45,0.4,30920,0.45,50360,0,111800
FINNIFTY02JAN2420450PE.NFO,02/01/2024,11:18:30,0.4,0.4,27760,0.45,52240,3160,111800
FINNIFTY02JAN2420450PE.NFO,02/01/2024,11:18:40,0.4,0.4,27520,0.45,52240,240,111800
FINNIFTY02JAN2420450PE.NFO,02/01/2024,11:18:49,0.4,0.4,27000,0.45,52240,120,111800
FINNIFTY02JAN2420450PE.NFO,02/01/2024,11:18:58,0.4,0.4,24640,0.45,50960,2600,111800
FINNIFTY02JAN2420450PE.NFO,02/01/2024,11:19:07,0.4,0.35,18760,0.4,33080,27960,111800
FINNIFTY02JAN2420450PE.NFO,02/01/2024,11:19:16,0.4,0.35,18760,0.4,33120,0,111800
FINNIFTY02JAN2420450PE.NFO,02/01/2024,11:19:43,0.4,0.35,19640,0.4,32960,880,111800
FINNIFTY02JAN2420450PE.NFO,02/01/2024,11:19:52,0.4,0.35,19640,0.4,32840,160,111800
FINNIFTY02JAN2420450PE.NFO,02/01/2024,11:20:01,0.4,0.35,19640,0.4,32680,160,111800
FINNIFTY02JAN2420450PE.NFO,02/01/2024,11:20:19,0.4,0.35,19640,0.4,31640,1040,111800
FINNIFTY02JAN2420450PE.NFO,02/01/2024,11:20:46,0.4,0.35,20160,0.4,32680,800,111800
FINNIFTY02JAN2420450PE.NFO,02/01/2024,11:20:56,0.4,0.35,20160,0.4,33400,240,115000
FINNIFTY02JAN2420450PE.NFO,02/01/2024,11:21:24,0.4,0.35,20760,0.4,33360,520,115000
FINNIFTY02JAN2420450PE.NFO,02/01/2024,11:21:34,0.4,0.35,20760,0.4,33360,240,115000
FINNIFTY02JAN2420450PE.NFO,02/01/2024,11:21:43,0.4,0.35,20760,0.4,33360,0,115000
FINNIFTY02JAN2420450PE.NFO,02/01/2024,11:21:52,0.35,0.35,19720,0.4,34000,1040,115000
FINNIFTY02JAN2420450PE.NFO,02/01/2024,11:22:02,0.35,0.35,19400,0.4,33680,320,115000
FINNIFTY02JAN2420450PE.NFO,02/01/2024,11:22:11,0.35,0.35,19400,0.4,33680,0,115000
FINNIFTY02JAN2420450PE.NFO,02/01/2024,11:22:40,0.35,0.35,19400,0.4,34560,0,115000
FINNIFTY02JAN2420450PE.NFO,02/01/2024,11:22:50,0.4,0.35,17800,0.4,37440,8920,115000
FINNIFTY02JAN2420450PE.NFO,02/01/2024,11:23:00,0.35,0.35,17600,0.4,37440,200,115000
FINNIFTY02JAN2420450PE.NFO,02/01/2024,11:23:09,0.35,0.35,15200,0.4,37440,4400,115000
FINNIFTY02JAN2420450PE.NFO,02/01/2024,11:23:18,0.35,0.35,15200,0.4,37440,0,115000
FINNIFTY02JAN2420450PE.NFO,02/01/2024,11:23:27,0.35,0.35,13680,0.4,37440,1520,115000
FINNIFTY02JAN2420450PE.NFO,02/01/2024,11:24:04,0.35,0.35,14240,0.4,37440,240,113080
FINNIFTY02JAN2420450PE.NFO,02/01/2024,11:24:13,0.35,0.35,13960,0.4,37440,280,113080
FINNIFTY02JAN2420450PE.NFO,02/01/2024,11:24:31,0.35,0.35,13960,0.4,36560,0,113080
FINNIFTY02JAN2420450PE.NFO,02/01/2024,11:25:17,0.35,0.35,12120,0.4,39360,3920,113080
FINNIFTY02JAN2420450PE.NFO,02/01/2024,11:25:36,0.35,0.35,11840,0.4,37560,280,113080
FINNIFTY02JAN2420450PE.NFO,02/01/2024,11:25:54,0.35,0.35,11440,0.4,37560,5400,113080
FINNIFTY02JAN2420450PE.NFO,02/01/2024,11:26:04,0.35,0.35,11320,0.4,37560,320,113080
FINNIFTY02JAN2420450PE.NFO,02/01/2024,11:26:13,0.35,0.35,10240,0.4,37560,680,113080
FINNIFTY02JAN2420450PE.NFO,02/01/2024,11:26:22,0.35,0.35,10040,0.4,37560,200,113080
FINNIFTY02JAN2420450PE.NFO,02/01/2024,11:26:41,0.35,0.35,9720,0.4,37560,320,113080
FINNIFTY02JAN2420450PE.NFO,02/01/2024,11:26:50,0.35,0.35,9600,0.4,37560,960,113080
FINNIFTY02JAN2420450PE.NFO,02/01/2024,11:27:08,0.4,0.35,8800,0.4,38560,800,121880
FINNIFTY02JAN2420450PE.NFO,02/01/2024,11:27:27,0.4,0.35,9600,0.4,39640,0,121880
FINNIFTY02JAN2420450PE.NFO,02/01/2024,11:27:36,0.35,0.35,9200,0.4,39640,400,121880
FINNIFTY02JAN2420450PE.NFO,02/01/2024,11:27:45,0.35,0.35,8960,0.4,39640,240,121880
FINNIFTY02JAN2420450PE.NFO,02/01/2024,11:28:04,0.35,0.35,8560,0.4,39640,400,121880
FINNIFTY02JAN2420450PE.NFO,02/01/2024,11:28:13,0.35,0.35,8360,0.4,39640,200,121880
FINNIFTY02JAN2420450PE.NFO,02/01/2024,11:28:22,0.35,0.35,7960,0.4,39640,400,121880
FINNIFTY02JAN2420450PE.NFO,02/01/2024,11:28:40,0.35,0.35,7920,0.4,39640,40,121880
FINNIFTY02JAN2420450PE.NFO,02/01/2024,11:28:58,0.35,0.35,8960,0.4,39560,0,121880
FINNIFTY02JAN2420450PE.NFO,02/01/2024,11:29:16,0.4,0.35,8960,0.4,39560,80,121880
FINNIFTY02JAN2420450PE.NFO,02/01/2024,11:29:26,0.35,0.35,8560,0.4,39560,400,121880
FINNIFTY02JAN2420450PE.NFO,02/01/2024,11:29:35,0.35,0.35,6960,0.4,39760,1600,121880
FINNIFTY02JAN2420450PE.NFO,02/01/2024,11:29:44,0.35,0.35,6000,0.4,39560,960,121880
FINNIFTY02JAN2420450PE.NFO,02/01/2024,11:29:53,0.35,0.35,5200,0.4,39560,800,125680
FINNIFTY02JAN2420450PE.NFO,02/01/2024,11:30:29,0.35,0.35,3760,0.4,39560,1440,125680
FINNIFTY02JAN2420450PE.NFO,02/01/2024,11:30:55,0.35,0.35,5320,0.4,40760,0,125680
FINNIFTY02JAN2420450PE.NFO,02/01/2024,11:31:05,0.35,0.35,5240,0.4,40760,80,125680
FINNIFTY02JAN2420450PE.NFO,02/01/2024,11:31:23,0.35,0.35,5240,0.4,40760,0,125680
FINNIFTY02JAN2420450PE.NFO,02/01/2024,11:31:59,0.35,0.35,4720,0.4,40760,520,125680
FINNIFTY02JAN2420450PE.NFO,02/01/2024,11:32:08,0.35,0.35,4080,0.4,39560,640,125680
FINNIFTY02JAN2420450PE.NFO,02/01/2024,11:32:18,0.35,0.35,3520,0.4,39560,560,125680
FINNIFTY02JAN2420450PE.NFO,02/01/2024,11:32:27,0.35,0.35,3040,0.4,39560,480,125680
FINNIFTY02JAN2420450PE.NFO,02/01/2024,11:33:03,0.35,0.3,18040,0.35,36360,1680,130160
FINNIFTY02JAN2420450PE.NFO,02/01/2024,11:33:30,0.35,0.3,7240,0.35,37360,0,130160
FINNIFTY02JAN2420450PE.NFO,02/01/2024,11:33:39,0.35,0.3,9040,0.35,42920,1800,130160
FINNIFTY02JAN2420450PE.NFO,02/01/2024,11:33:56,0.35,0.3,9040,0.35,42920,0,130160
FINNIFTY02JAN2420450PE.NFO,02/01/2024,11:34:32,0.35,0.3,9240,0.35,41760,2120,130160
FINNIFTY02JAN2420450PE.NFO,02/01/2024,11:34:42,0.35,0.3,13880,0.35,46240,0,130160
FINNIFTY02JAN2420450PE.NFO,02/01/2024,11:34:51,0.35,0.3,11000,0.35,46520,0,130160
FINNIFTY02JAN2420450PE.NFO,02/01/2024,11:34:59,0.35,0.3,16400,0.35,46520,0,130160
FINNIFTY02JAN2420450PE.NFO,02/01/2024,11:35:08,0.35,0.3,26480,0.35,46520,0,130160
FINNIFTY02JAN2420450PE.NFO,02/01/2024,11:36:11,0.35,0.3,26480,0.35,47200,0,130160
FINNIFTY02JAN2420450PE.NFO,02/01/2024,11:36:21,0.3,0.3,26120,0.35,47200,360,128040
FINNIFTY02JAN2420450PE.NFO,02/01/2024,11:36:30,0.3,0.3,26120,0.35,47200,0,128040
FINNIFTY02JAN2420450PE.NFO,02/01/2024,11:37:17,0.3,0.3,25280,0.35,47200,840,128040
FINNIFTY02JAN2420450PE.NFO,02/01/2024,11:38:14,0.35,0.3,25280,0.35,47120,80,128040
FINNIFTY02JAN2420450PE.NFO,02/01/2024,11:38:53,0.35,0.3,25280,0.35,46320,80,128000
FINNIFTY02JAN2420450PE.NFO,02/01/2024,11:39:21,0.35,0.3,25280,0.35,48840,0,128000
FINNIFTY02JAN2420450PE.NFO,02/01/2024,11:39:29,0.35,0.3,7400,0.35,50640,0,128000
FINNIFTY02JAN2420450PE.NFO,02/01/2024,11:39:49,0.35,0.3,7400,0.35,50680,0,128000
FINNIFTY02JAN2420450PE.NFO,02/01/2024,11:39:58,0.3,0.3,7360,0.35,50680,40,128000
FINNIFTY02JAN2420450PE.NFO,02/01/2024,11:40:16,0.3,0.3,8080,0.35,49960,160,128000
FINNIFTY02JAN2420450PE.NFO,02/01/2024,11:40:25,0.3,0.3,8080,0.35,50840,0,128000
FINNIFTY02JAN2420450PE.NFO,02/01/2024,11:40:33,0.3,0.3,7200,0.35,50840,0,128000
FINNIFTY02JAN2420450PE.NFO,02/01/2024,11:40:42,0.3,0.3,7080,0.35,49960,120,128000
FINNIFTY02JAN2420450PE.NFO,02/01/2024,11:40:51,0.3,0.3,7040,0.35,49960,40,128000
FINNIFTY02JAN2420450PE.NFO,02/01/2024,11:41:29,0.3,0.3,6560,0.35,49960,480,128000
FINNIFTY02JAN2420450PE.NFO,02/01/2024,11:41:39,0.3,0.3,5800,0.35,50200,760,128000
FINNIFTY02JAN2420450PE.NFO,02/01/2024,11:41:49,0.3,0.3,7520,0.35,50200,80,128000
FINNIFTY02JAN2420450PE.NFO,02/01/2024,11:41:59,0.3,0.3,14040,0.35,50680,320,128680
FINNIFTY02JAN2420450PE.NFO,02/01/2024,11:42:09,0.3,0.3,25080,0.35,38720,840,128680
FINNIFTY02JAN2420450PE.NFO,02/01/2024,11:42:29,0.35,0.3,6800,0.35,45400,760,128680
FINNIFTY02JAN2420450PE.NFO,02/01/2024,11:42:38,0.35,0.3,32720,0.35,38760,1840,128680
FINNIFTY02JAN2420450PE.NFO,02/01/2024,11:42:47,0.35,0.3,35600,0.35,38640,0,128680
FINNIFTY02JAN2420450PE.NFO,02/01/2024,11:42:56,0.3,0.3,7400,0.35,45720,120,128680
FINNIFTY02JAN2420450PE.NFO,02/01/2024,11:43:06,0.35,0.3,7400,0.35,45520,200,128680
FINNIFTY02JAN2420450PE.NFO,02/01/2024,11:43:15,0.35,0.3,14640,0.35,47200,0,128680
FINNIFTY02JAN2420450PE.NFO,02/01/2024,11:43:34,0.35,0.3,7440,0.35,46880,0,128680
FINNIFTY02JAN2420450PE.NFO,02/01/2024,11:43:43,0.35,0.3,34280,0.35,46320,1120,128680
FINNIFTY02JAN2420450PE.NFO,02/01/2024,11:43:53,0.35,0.3,37040,0.35,48520,4400,128680
FINNIFTY02JAN2420450PE.NFO,02/01/2024,11:44:03,0.35,0.3,39720,0.35,48360,2520,128680
FINNIFTY02JAN2420450PE.NFO,02/01/2024,11:44:12,0.35,0.3,38040,0.35,49000,0,128680
FINNIFTY02JAN2420450PE.NFO,02/01/2024,11:44:40,0.3,0.3,36200,0.35,49720,40,128680
FINNIFTY02JAN2420450PE.NFO,02/01/2024,11:44:49,0.3,0.3,36200,0.35,49720,0,128680
FINNIFTY02JAN2420450PE.NFO,02/01/2024,11:45:07,0.3,0.3,9320,0.35,50120,600,122000
FINNIFTY02JAN2420450PE.NFO,02/01/2024,11:45:25,0.3,0.3,5200,0.35,50120,8400,122000
FINNIFTY02JAN2420450PE.NFO,02/01/2024,11:45:36,0.3,0.3,5360,0.35,50120,1600,122000
FINNIFTY02JAN2420450PE.NFO,02/01/2024,11:45:45,0.3,0.25,73160,0.3,49600,5640,122000
FINNIFTY02JAN2420450PE.NFO,02/01/2024,11:45:54,0.3,0.25,74600,0.3,49880,1760,122000
FINNIFTY02JAN2420450PE.NFO,02/01/2024,11:46:04,0.25,0.25,76040,0.3,51000,2320,122000
FINNIFTY02JAN2420450PE.NFO,02/01/2024,11:46:13,0.3,0.25,75480,0.3,54040,1640,122000
FINNIFTY02JAN2420450PE.NFO,02/01/2024,11:46:22,0.3,0.25,75360,0.3,53160,2840,122000
FINNIFTY02JAN2420450PE.NFO,02/01/2024,11:46:32,0.3,0.25,76080,0.3,57280,0,122000
FINNIFTY02JAN2420450PE.NFO,02/01/2024,11:46:50,0.25,0.25,75720,0.3,58080,360,122000
FINNIFTY02JAN2420450PE.NFO,02/01/2024,11:47:00,0.25,0.25,75720,0.3,57280,0,122000
FINNIFTY02JAN2420450PE.NFO,02/01/2024,11:47:25,0.25,0.25,79120,0.3,55840,0,122000
FINNIFTY02JAN2420450PE.NFO,02/01/2024,11:47:33,0.3,0.25,79120,0.3,55640,200,122000
FINNIFTY02JAN2420450PE.NFO,02/01/2024,11:47:42,0.3,0.25,79120,0.3,55640,0,122000
FINNIFTY02JAN2420450PE.NFO,02/01/2024,11:47:59,0.25,0.25,78920,0.3,55640,200,127520
FINNIFTY02JAN2420450PE.NFO,02/01/2024,11:48:26,0.25,0.25,76080,0.3,55640,0,127520
FINNIFTY02JAN2420450PE.NFO,02/01/2024,11:48:35,0.25,0.25,74280,0.3,55640,0,127520
FINNIFTY02JAN2420450PE.NFO,02/01/2024,11:49:18,0.25,0.25,74680,0.3,55640,0,127520
FINNIFTY02JAN2420450PE.NFO,02/01/2024,11:49:27,0.25,0.25,72480,0.3,55640,2200,127520
FINNIFTY02JAN2420450PE.NFO,02/01/2024,11:49:36,0.25,0.25,72480,0.3,57440,0,127520
FINNIFTY02JAN2420450PE.NFO,02/01/2024,11:50:02,0.25,0.25,72120,0.3,57440,360,127520
FINNIFTY02JAN2420450PE.NFO,02/01/2024,11:51:14,0.25,0.25,71880,0.3,57440,240,128400
FINNIFTY02JAN2420450PE.NFO,02/01/2024,11:52:09,0.25,0.25,71680,0.3,57440,200,128400
FINNIFTY02JAN2420450PE.NFO,02/01/2024,11:52:18,0.25,0.25,71440,0.3,61040,240,128400
FINNIFTY02JAN2420450PE.NFO,02/01/2024,11:52:36,0.25,0.25,70840,0.3,61040,600,128400
FINNIFTY02JAN2420450PE.NFO,02/01/2024,11:53:21,0.25,0.25,70840,0.3,61040,0,128400
FINNIFTY02JAN2420450PE.NFO,02/01/2024,11:53:30,0.25,0.25,71720,0.3,61040,0,128400
FINNIFTY02JAN2420450PE.NFO,02/01/2024,11:53:39,0.25,0.25,70840,0.3,61040,0,128400
FINNIFTY02JAN2420450PE.NFO,02/01/2024,11:54:14,0.25,0.25,71720,0.3,61040,0,128400
FINNIFTY02JAN2420450PE.NFO,02/01/2024,11:54:23,0.25,0.25,70840,0.3,61040,0,128400
FINNIFTY02JAN2420450PE.NFO,02/01/2024,11:56:09,0.3,0.25,70840,0.3,60200,840,129680
FINNIFTY02JAN2420450PE.NFO,02/01/2024,11:56:26,0.3,0.25,72360,0.3,61160,0,129680
FINNIFTY02JAN2420450PE.NFO,02/01/2024,11:56:34,0.3,0.25,70920,0.3,61480,0,129680
FINNIFTY02JAN2420450PE.NFO,02/01/2024,11:58:28,0.25,0.25,70520,0.3,61160,400,129680
FINNIFTY02JAN2420450PE.NFO,02/01/2024,11:58:36,0.25,0.25,70520,0.3,60280,0,129680
FINNIFTY02JAN2420450PE.NFO,02/01/2024,11:58:54,0.25,0.25,122720,0.3,60680,0,129680
FINNIFTY02JAN2420450PE.NFO,02/01/2024,11:59:29,0.25,0.25,116920,0.3,66080,5800,129680
FINNIFTY02JAN2420450PE.NFO,02/01/2024,11:59:37,0.3,0.25,62520,0.3,65800,1000,129680
FINNIFTY02JAN2420450PE.NFO,02/01/2024,11:59:54,0.25,0.25,61760,0.3,69400,760,134960
FINNIFTY02JAN2420450PE.NFO,02/01/2024,12:00:21,0.25,0.25,45560,0.3,69400,0,134960
FINNIFTY02JAN2420450PE.NFO,02/01/2024,12:00:30,0.25,0.25,38360,0.3,69400,0,134960
FINNIFTY02JAN2420450PE.NFO,02/01/2024,12:00:39,0.25,0.25,35760,0.3,70280,400,134960
FINNIFTY02JAN2420450PE.NFO,02/01/2024,12:00:48,0.3,0.25,36560,0.3,70520,80,134960
FINNIFTY02JAN2420450PE.NFO,02/01/2024,12:00:57,0.25,0.25,36520,0.3,70200,120,134960
FINNIFTY02JAN2420450PE.NFO,02/01/2024,12:01:06,0.3,0.25,36240,0.3,70480,320,134960
FINNIFTY02JAN2420450PE.NFO,02/01/2024,12:01:16,0.25,0.25,36040,0.3,70160,200,134960
FINNIFTY02JAN2420450PE.NFO,02/01/2024,12:01:51,0.25,0.25,36040,0.3,69200,0,134960
FINNIFTY02JAN2420450PE.NFO,02/01/2024,12:02:00,0.25,0.25,35760,0.3,69200,280,134960
FINNIFTY02JAN2420450PE.NFO,02/01/2024,12:02:09,0.25,0.25,35280,0.3,71880,480,134960
FINNIFTY02JAN2420450PE.NFO,02/01/2024,12:02:26,0.3,0.25,35280,0.3,71840,40,134960
FINNIFTY02JAN2420450PE.NFO,02/01/2024,12:02:53,0.3,0.25,35280,0.3,71800,40,134960
FINNIFTY02JAN2420450PE.NFO,02/01/2024,12:03:28,0.3,0.25,35280,0.3,71880,0,134960
FINNIFTY02JAN2420450PE.NFO,02/01/2024,12:03:37,0.25,0.25,36960,0.3,71880,120,137080
FINNIFTY02JAN2420450PE.NFO,02/01/2024,12:04:04,0.25,0.25,35000,0.3,71800,160,137080
FINNIFTY02JAN2420450PE.NFO,02/01/2024,12:04:22,0.3,0.25,36800,0.3,71640,80,137080
FINNIFTY02JAN2420450PE.NFO,02/01/2024,12:04:31,0.3,0.25,36800,0.3,70000,0,137080
FINNIFTY02JAN2420450PE.NFO,02/01/2024,12:04:40,0.3,0.25,38600,0.3,71720,0,137080
FINNIFTY02JAN2420450PE.NFO,02/01/2024,12:05:34,0.25,0.25,38520,0.3,71720,80,137080
FINNIFTY02JAN2420450PE.NFO,02/01/2024,12:05:43,0.25,0.25,38480,0.3,71720,40,137080
FINNIFTY02JAN2420450PE.NFO,02/01/2024,12:05:51,0.25,0.25,38480,0.3,71720,0,137080
FINNIFTY02JAN2420450PE.NFO,02/01/2024,12:06:00,0.25,0.25,34800,0.3,71720,80,137080
FINNIFTY02JAN2420450PE.NFO,02/01/2024,12:06:09,0.3,0.25,34800,0.3,71640,80,137080
FINNIFTY02JAN2420450PE.NFO,02/01/2024,12:06:18,0.3,0.25,36600,0.3,71560,80,137080
FINNIFTY02JAN2420450PE.NFO,02/01/2024,12:06:27,0.3,0.25,34800,0.3,71560,80,137080
FINNIFTY02JAN2420450PE.NFO,02/01/2024,12:06:35,0.3,0.25,36600,0.3,71560,0,137080
FINNIFTY02JAN2420450PE.NFO,02/01/2024,12:06:52,0.3,0.25,37480,0.3,71560,0,137080
FINNIFTY02JAN2420450PE.NFO,02/01/2024,12:07:01,0.3,0.25,36600,0.3,71880,0,137080
FINNIFTY02JAN2420450PE.NFO,02/01/2024,12:07:09,0.3,0.25,37480,0.3,70680,0,137080
FINNIFTY02JAN2420450PE.NFO,02/01/2024,12:07:35,0.3,0.25,36600,0.3,70680,0,137080
FINNIFTY02JAN2420450PE.NFO,02/01/2024,12:10:02,0.3,0.25,36600,0.3,70640,40,137080
FINNIFTY02JAN2420450PE.NFO,02/01/2024,12:10:20,0.3,0.25,38400,0.3,70920,40,137080
FINNIFTY02JAN2420450PE.NFO,02/01/2024,12:10:30,0.3,0.25,36600,0.3,71800,0,137080
FINNIFTY02JAN2420450PE.NFO,02/01/2024,12:10:57,0.25,0.25,35800,0.3,73280,800,137080
FINNIFTY02JAN2420450PE.NFO,02/01/2024,12:11:43,0.25,0.25,32200,0.3,73600,0,137080
FINNIFTY02JAN2420450PE.NFO,02/01/2024,12:11:52,0.25,0.25,23200,0.3,73600,0,137080
FINNIFTY02JAN2420450PE.NFO,02/01/2024,12:12:00,0.25,0.25,27840,0.3,73600,0,137080
FINNIFTY02JAN2420450PE.NFO,02/01/2024,12:12:09,0.25,0.25,24240,0.3,73600,0,137080
FINNIFTY02JAN2420450PE.NFO,02/01/2024,12:12:18,0.3,0.25,24240,0.3,72400,1200,137080
FINNIFTY02JAN2420450PE.NFO,02/01/2024,12:12:27,0.3,0.25,23800,0.3,73360,0,137080
FINNIFTY02JAN2420450PE.NFO,02/01/2024,12:12:36,0.3,0.25,19160,0.3,73360,0,137080
FINNIFTY02JAN2420450PE.NFO,02/01/2024,12:14:02,0.3,0.25,19160,0.3,72960,80,137080
FINNIFTY02JAN2420450PE.NFO,02/01/2024,12:14:11,0.3,0.25,19160,0.3,72800,160,137080
FINNIFTY02JAN2420450PE.NFO,02/01/2024,12:14:19,0.3,0.25,14200,0.3,68320,80,137080
FINNIFTY02JAN2420450PE.NFO,02/01/2024,12:14:28,0.3,0.25,14200,0.3,68240,80,137080
FINNIFTY02JAN2420450PE.NFO,02/01/2024,12:14:37,0.3,0.25,14200,0.3,68520,40,137080
FINNIFTY02JAN2420450PE.NFO,02/01/2024,12:14:45,0.3,0.25,14200,0.3,68480,40,137080
FINNIFTY02JAN2420450PE.NFO,02/01/2024,12:15:03,0.3,0.25,14200,0.3,68000,160,137080
FINNIFTY02JAN2420450PE.NFO,02/01/2024,12:15:12,0.3,0.25,16000,0.3,68040,280,137080
FINNIFTY02JAN2420450PE.NFO,02/01/2024,12:15:21,0.3,0.25,16000,0.3,67640,80,137080
FINNIFTY02JAN2420450PE.NFO,02/01/2024,12:15:29,0.3,0.25,16000,0.3,67800,160,137080
FINNIFTY02JAN2420450PE.NFO,02/01/2024,12:15:39,0.3,0.25,16000,0.3,67320,160,137080
FINNIFTY02JAN2420450PE.NFO,02/01/2024,12:15:49,0.3,0.25,16880,0.3,67240,80,137080
FINNIFTY02JAN2420450PE.NFO,02/01/2024,12:15:59,0.3,0.25,16000,0.3,67400,160,137080
FINNIFTY02JAN2420450PE.NFO,02/01/2024,12:16:09,0.3,0.25,16000,0.3,67280,120,137080
FINNIFTY02JAN2420450PE.NFO,02/01/2024,12:16:19,0.3,0.25,16880,0.3,67040,240,137080
FINNIFTY02JAN2420450PE.NFO,02/01/2024,12:16:29,0.3,0.25,16000,0.3,66800,240,137080
FINNIFTY02JAN2420450PE.NFO,02/01/2024,12:17:00,0.3,0.25,16000,0.3,65920,0,137080
FINNIFTY02JAN2420450PE.NFO,02/01/2024,12:17:10,0.3,0.25,16000,0.3,61480,2240,137080
FINNIFTY02JAN2420450PE.NFO,02/01/2024,12:17:22,0.3,0.25,24960,0.3,62040,1600,137080
FINNIFTY02JAN2420450PE.NFO,02/01/2024,12:17:32,0.3,0.25,24960,0.3,61400,320,137080
FINNIFTY02JAN2420450PE.NFO,02/01/2024,12:17:41,0.3,0.25,24960,0.3,61400,320,137080
FINNIFTY02JAN2420450PE.NFO,02/01/2024,12:17:51,0.3,0.25,24960,0.3,61520,280,137080
FINNIFTY02JAN2420450PE.NFO,02/01/2024,12:18:00,0.3,0.25,24960,0.3,59800,1720,134200
FINNIFTY02JAN2420450PE.NFO,02/01/2024,12:18:09,0.3,0.25,33960,0.3,58720,360,134200
FINNIFTY02JAN2420450PE.NFO,02/01/2024,12:18:19,0.3,0.25,33960,0.3,58800,240,134200
FINNIFTY02JAN2420450PE.NFO,02/01/2024,12:18:28,0.3,0.25,33960,0.3,57760,1040,134200
FINNIFTY02JAN2420450PE.NFO,02/01/2024,12:18:37,0.3,0.25,33960,0.3,57640,120,134200
FINNIFTY02JAN2420450PE.NFO,02/01/2024,12:18:47,0.3,0.25,33960,0.3,57600,40,134200
FINNIFTY02JAN2420450PE.NFO,02/01/2024,12:18:57,0.25,0.25,33800,0.3,57600,160,134200
FINNIFTY02JAN2420450PE.NFO,02/01/2024,12:19:16,0.25,0.25,33760,0.3,57600,40,134200
FINNIFTY02JAN2420450PE.NFO,02/01/2024,12:19:48,0.25,0.25,33640,0.3,57600,120,134200
FINNIFTY02JAN2420450PE.NFO,02/01/2024,12:20:24,0.25,0.25,15640,0.3,57600,0,134200
FINNIFTY02JAN2420450PE.NFO,02/01/2024,12:20:52,0.25,0.25,15360,0.3,57280,280,134200
FINNIFTY02JAN2420450PE.NFO,02/01/2024,12:21:02,0.25,0.25,15120,0.3,57600,240,131800
FINNIFTY02JAN2420450PE.NFO,02/01/2024,12:21:11,0.25,0.25,14960,0.3,56880,880,131800
FINNIFTY02JAN2420450PE.NFO,02/01/2024,12:21:21,0.25,0.25,14600,0.3,56360,560,131800
FINNIFTY02JAN2420450PE.NFO,02/01/2024,12:21:31,0.25,0.25,14280,0.3,58480,320,131800
FINNIFTY02JAN2420450PE.NFO,02/01/2024,12:21:41,0.25,0.25,14080,0.3,58160,200,131800
FINNIFTY02JAN2420450PE.NFO,02/01/2024,12:21:50,0.3,0.25,14080,0.3,57840,320,131800
FINNIFTY02JAN2420450PE.NFO,02/01/2024,12:22:00,0.3,0.25,14080,0.3,58840,0,131800
FINNIFTY02JAN2420450PE.NFO,02/01/2024,12:22:10,0.25,0.25,14000,0.3,58840,80,131800
FINNIFTY02JAN2420450PE.NFO,02/01/2024,12:22:28,0.25,0.25,14000,0.3,58840,0,131800
FINNIFTY02JAN2420450PE.NFO,02/01/2024,12:22:37,0.3,0.25,14000,0.3,58640,200,131800
FINNIFTY02JAN2420450PE.NFO,02/01/2024,12:22:46,0.3,0.25,14000,0.3,58640,0,131800
FINNIFTY02JAN2420450PE.NFO,02/01/2024,12:25:47,0.25,0.25,13840,0.3,58640,160,130360
FINNIFTY02JAN2420450PE.NFO,02/01/2024,12:26:05,0.3,0.25,13840,0.3,58320,320,130360
FINNIFTY02JAN2420450PE.NFO,02/01/2024,12:26:14,0.3,0.25,13840,0.3,58320,0,130360
FINNIFTY02JAN2420450PE.NFO,02/01/2024,12:26:31,0.3,0.25,12040,0.3,58320,0,130360
FINNIFTY02JAN2420450PE.NFO,02/01/2024,12:27:50,0.25,0.25,11800,0.3,58360,240,130040
FINNIFTY02JAN2420450PE.NFO,02/01/2024,12:31:24,0.25,0.25,8960,0.3,58360,160,130040
FINNIFTY02JAN2420450PE.NFO,02/01/2024,12:31:33,0.25,0.25,8960,0.3,58360,0,130040
FINNIFTY02JAN2420450PE.NFO,02/01/2024,12:31:51,0.25,0.25,8800,0.3,58360,160,130040
FINNIFTY02JAN2420450PE.NFO,02/01/2024,12:32:33,0.25,0.25,6800,0.3,59760,0,130040
FINNIFTY02JAN2420450PE.NFO,02/01/2024,12:32:58,0.25,0.25,6720,0.3,59680,80,130040
FINNIFTY02JAN2420450PE.NFO,02/01/2024,12:33:14,0.25,0.25,6720,0.3,59680,0,130040
FINNIFTY02JAN2420450PE.NFO,02/01/2024,12:34:23,0.25,0.25,6560,0.3,59360,160,130040
FINNIFTY02JAN2420450PE.NFO,02/01/2024,12:34:40,0.3,0.25,6560,0.3,59320,40,130040
FINNIFTY02JAN2420450PE.NFO,02/01/2024,12:34:49,0.3,0.25,6560,0.3,59240,80,130040
FINNIFTY02JAN2420450PE.NFO,02/01/2024,12:35:18,0.3,0.25,6560,0.3,59200,40,130040
FINNIFTY02JAN2420450PE.NFO,02/01/2024,12:35:28,0.25,0.25,6520,0.3,59200,40,130040
FINNIFTY02JAN2420450PE.NFO,02/01/2024,12:35:38,0.3,0.25,6520,0.3,58720,480,130040
FINNIFTY02JAN2420450PE.NFO,02/01/2024,12:35:47,0.3,0.25,6520,0.3,58720,0,130040
FINNIFTY02JAN2420450PE.NFO,02/01/2024,12:38:21,0.3,0.25,5640,0.3,58480,240,129560
FINNIFTY02JAN2420450PE.NFO,02/01/2024,12:38:39,0.25,0.25,4800,0.3,58480,840,129560
FINNIFTY02JAN2420450PE.NFO,02/01/2024,12:39:23,0.25,0.2,129800,0.25,36080,11960,129320
FINNIFTY02JAN2420450PE.NFO,02/01/2024,12:39:31,0.25,0.2,129800,0.25,36080,1800,129320
FINNIFTY02JAN2420450PE.NFO,02/01/2024,12:39:40,0.25,0.2,126240,0.25,39280,2360,129320
FINNIFTY02JAN2420450PE.NFO,02/01/2024,12:39:48,0.25,0.2,126240,0.25,37160,2120,129320
FINNIFTY02JAN2420450PE.NFO,02/01/2024,12:40:13,0.25,0.2,127160,0.25,38320,640,129320
FINNIFTY02JAN2420450PE.NFO,02/01/2024,12:40:22,0.25,0.2,127960,0.25,38200,160,129320
FINNIFTY02JAN2420450PE.NFO,02/01/2024,12:40:41,0.25,0.2,127960,0.25,38160,40,129320
FINNIFTY02JAN2420450PE.NFO,02/01/2024,12:41:23,0.25,0.2,128800,0.25,37360,800,129320
FINNIFTY02JAN2420450PE.NFO,02/01/2024,12:41:41,0.25,0.2,128800,0.25,37640,40,129320
FINNIFTY02JAN2420450PE.NFO,02/01/2024,12:41:51,0.25,0.2,130600,0.25,37320,0,129320
FINNIFTY02JAN2420450PE.NFO,02/01/2024,12:42:09,0.25,0.2,114400,0.25,37320,0,129320
FINNIFTY02JAN2420450PE.NFO,02/01/2024,12:42:18,0.25,0.2,107200,0.25,37120,200,119640
FINNIFTY02JAN2420450PE.NFO,02/01/2024,12:42:27,0.25,0.2,107200,0.25,36920,200,119640
FINNIFTY02JAN2420450PE.NFO,02/01/2024,12:43:10,0.25,0.2,107200,0.25,36880,40,119640
FINNIFTY02JAN2420450PE.NFO,02/01/2024,12:43:19,0.25,0.2,107200,0.25,36800,80,119640
FINNIFTY02JAN2420450PE.NFO,02/01/2024,12:43:28,0.25,0.2,107200,0.25,36760,40,119640
FINNIFTY02JAN2420450PE.NFO,02/01/2024,12:43:46,0.25,0.2,105400,0.25,36760,0,119640
FINNIFTY02JAN2420450PE.NFO,02/01/2024,12:45:21,0.25,0.2,108200,0.25,37120,3240,119640
FINNIFTY02JAN2420450PE.NFO,02/01/2024,12:45:47,0.25,0.2,103800,0.25,36920,200,119640
FINNIFTY02JAN2420450PE.NFO,02/01/2024,12:46:13,0.25,0.2,96600,0.25,36720,200,119640
FINNIFTY02JAN2420450PE.NFO,02/01/2024,12:46:22,0.25,0.2,96600,0.25,36520,200,119640
FINNIFTY02JAN2420450PE.NFO,02/01/2024,12:47:51,0.25,0.2,96600,0.25,36480,40,119640
FINNIFTY02JAN2420450PE.NFO,02/01/2024,12:48:44,0.25,0.2,96600,0.25,34720,1760,118840
FINNIFTY02JAN2420450PE.NFO,02/01/2024,12:50:03,0.25,0.2,98400,0.25,34240,400,118840
FINNIFTY02JAN2420450PE.NFO,02/01/2024,12:50:30,0.25,0.2,98400,0.25,32320,40,118840
FINNIFTY02JAN2420450PE.NFO,02/01/2024,12:50:57,0.25,0.2,96600,0.25,34120,0,118840
FINNIFTY02JAN2420450PE.NFO,02/01/2024,12:51:24,0.25,0.2,96600,0.25,32480,0,118840
FINNIFTY02JAN2420450PE.NFO,02/01/2024,12:51:34,0.25,0.2,96600,0.25,33040,1120,116680
FINNIFTY02JAN2420450PE.NFO,02/01/2024,12:52:35,0.2,0.2,96360,0.25,31200,240,116680
FINNIFTY02JAN2420450PE.NFO,02/01/2024,12:52:35,0.2,0.2,96360,0.25,31200,0,116680
FINNIFTY02JAN2420450PE.NFO,02/01/2024,12:53:01,0.2,0.2,96200,0.25,31200,160,116680
FINNIFTY02JAN2420450PE.NFO,02/01/2024,12:54:01,0.25,0.2,96080,0.25,31600,1520,115880
FINNIFTY02JAN2420450PE.NFO,02/01/2024,12:54:10,0.25,0.2,96080,0.25,32040,1360,115880
FINNIFTY02JAN2420450PE.NFO,02/01/2024,12:55:36,0.25,0.2,96080,0.25,32000,40,115880
FINNIFTY02JAN2420450PE.NFO,02/01/2024,12:57:45,0.25,0.2,96080,0.25,31760,240,115000
FINNIFTY02JAN2420450PE.NFO,02/01/2024,12:58:02,0.2,0.2,95880,0.25,31760,200,115000
FINNIFTY02JAN2420450PE.NFO,02/01/2024,12:58:48,0.2,0.2,95800,0.25,31760,80,115000
FINNIFTY02JAN2420450PE.NFO,02/01/2024,13:02:09,0.2,0.2,95400,0.25,33560,400,114760
FINNIFTY02JAN2420450PE.NFO,02/01/2024,13:02:27,0.2,0.2,94160,0.25,33160,1640,114760
FINNIFTY02JAN2420450PE.NFO,02/01/2024,13:02:37,0.25,0.2,94160,0.25,30960,400,114760
FINNIFTY02JAN2420450PE.NFO,02/01/2024,13:03:43,0.25,0.2,94200,0.25,30760,200,115600
FINNIFTY02JAN2420450PE.NFO,02/01/2024,13:03:53,0.25,0.2,94200,0.25,30760,0,115600
FINNIFTY02JAN2420450PE.NFO,02/01/2024,13:04:15,0.25,0.2,94200,0.25,32400,200,115600
FINNIFTY02JAN2420450PE.NFO,02/01/2024,13:04:25,0.2,0.2,92680,0.25,30360,1040,115600
FINNIFTY02JAN2420450PE.NFO,02/01/2024,13:04:35,0.2,0.2,93160,0.25,30680,240,115600
FINNIFTY02JAN2420450PE.NFO,02/01/2024,13:04:45,0.2,0.2,92760,0.25,30680,400,115600
FINNIFTY02JAN2420450PE.NFO,02/01/2024,13:04:55,0.25,0.2,92880,0.25,29840,1120,115600
FINNIFTY02JAN2420450PE.NFO,02/01/2024,13:05:05,0.2,0.2,92640,0.25,30040,480,115600
FINNIFTY02JAN2420450PE.NFO,02/01/2024,13:05:14,0.2,0.2,92440,0.25,29640,200,115600
FINNIFTY02JAN2420450PE.NFO,02/01/2024,13:05:23,0.2,0.2,92240,0.25,28960,880,115600
FINNIFTY02JAN2420450PE.NFO,02/01/2024,13:05:32,0.25,0.2,92160,0.25,28760,280,115600
FINNIFTY02JAN2420450PE.NFO,02/01/2024,13:05:40,0.25,0.2,92160,0.25,31920,440,115600
FINNIFTY02JAN2420450PE.NFO,02/01/2024,13:05:50,0.25,0.2,92160,0.25,31720,200,115600
FINNIFTY02JAN2420450PE.NFO,02/01/2024,13:06:34,0.25,0.2,92160,0.25,32360,200,112520
FINNIFTY02JAN2420450PE.NFO,02/01/2024,13:07:00,0.25,0.2,92680,0.25,31840,200,112520
FINNIFTY02JAN2420450PE.NFO,02/01/2024,13:07:09,0.25,0.2,92680,0.25,32000,160,112520
FINNIFTY02JAN2420450PE.NFO,02/01/2024,13:07:18,0.25,0.2,92680,0.25,31800,200,112520
FINNIFTY02JAN2420450PE.NFO,02/01/2024,13:07:27,0.25,0.2,92680,0.25,31600,200,112520
FINNIFTY02JAN2420450PE.NFO,02/01/2024,13:07:35,0.25,0.2,92680,0.25,31400,200,112520
FINNIFTY02JAN2420450PE.NFO,02/01/2024,13:07:44,0.25,0.2,92680,0.25,31200,200,112520
FINNIFTY02JAN2420450PE.NFO,02/01/2024,13:07:53,0.25,0.2,92640,0.25,31120,80,112520
FINNIFTY02JAN2420450PE.NFO,02/01/2024,13:08:03,0.25,0.2,100640,0.25,30920,200,112520
FINNIFTY02JAN2420450PE.NFO,02/01/2024,13:08:13,0.25,0.2,100640,0.25,32480,240,112520
FINNIFTY02JAN2420450PE.NFO,02/01/2024,13:08:22,0.25,0.2,92240,0.25,32240,640,112520
FINNIFTY02JAN2420450PE.NFO,02/01/2024,13:08:31,0.2,0.2,91440,0.25,32040,1000,112520
FINNIFTY02JAN2420450PE.NFO,02/01/2024,13:08:41,0.2,0.2,91200,0.25,33040,240,112520
FINNIFTY02JAN2420450PE.NFO,02/01/2024,13:08:59,0.2,0.2,90480,0.25,33560,0,112520
FINNIFTY02JAN2420450PE.NFO,02/01/2024,13:09:08,0.2,0.2,90360,0.25,33560,120,113280
FINNIFTY02JAN2420450PE.NFO,02/01/2024,13:09:34,0.25,0.2,91080,0.25,33520,40,113280
FINNIFTY02JAN2420450PE.NFO,02/01/2024,13:10:28,0.25,0.2,91080,0.25,31920,1600,113280
FINNIFTY02JAN2420450PE.NFO,02/01/2024,13:10:37,0.25,0.2,91080,0.25,29320,800,113280
FINNIFTY02JAN2420450PE.NFO,02/01/2024,13:11:12,0.25,0.2,91080,0.25,28400,600,113280
FINNIFTY02JAN2420450PE.NFO,02/01/2024,13:11:21,0.25,0.2,91080,0.25,28400,0,113280
FINNIFTY02JAN2420450PE.NFO,02/01/2024,13:11:30,0.25,0.2,91080,0.25,20960,240,113280
FINNIFTY02JAN2420450PE.NFO,02/01/2024,13:11:39,0.25,0.2,91080,0.25,23800,760,113280
FINNIFTY02JAN2420450PE.NFO,02/01/2024,13:11:48,0.25,0.2,91080,0.25,23800,0,113280
FINNIFTY02JAN2420450PE.NFO,02/01/2024,13:13:14,0.2,0.2,91040,0.25,25600,40,111680
FINNIFTY02JAN2420450PE.NFO,02/01/2024,13:13:41,0.2,0.2,91040,0.25,26000,0,111680
FINNIFTY02JAN2420450PE.NFO,02/01/2024,13:14:06,0.25,0.2,91040,0.25,25760,240,111680
FINNIFTY02JAN2420450PE.NFO,02/01/2024,13:14:15,0.25,0.2,90520,0.25,25760,0,111680
FINNIFTY02JAN2420450PE.NFO,02/01/2024,13:15:24,0.25,0.2,90520,0.25,25720,40,111440
FINNIFTY02JAN2420450PE.NFO,02/01/2024,13:16:16,0.2,0.2,89760,0.25,25720,40,111440
FINNIFTY02JAN2420450PE.NFO,02/01/2024,13:17:24,0.25,0.2,89760,0.25,25680,40,111440
FINNIFTY02JAN2420450PE.NFO,02/01/2024,13:19:06,0.25,0.2,89760,0.25,25680,0,111440
FINNIFTY02JAN2420450PE.NFO,02/01/2024,13:21:14,0.25,0.2,89760,0.25,25480,200,111440
FINNIFTY02JAN2420450PE.NFO,02/01/2024,13:23:13,0.25,0.2,50520,0.25,27600,0,111440
FINNIFTY02JAN2420450PE.NFO,02/01/2024,13:23:31,0.25,0.2,40800,0.25,28160,0,111440
FINNIFTY02JAN2420450PE.NFO,02/01/2024,13:23:40,0.25,0.2,27120,0.25,27840,0,111440
FINNIFTY02JAN2420450PE.NFO,02/01/2024,13:23:48,0.2,0.2,11240,0.25,27840,1760,111440
FINNIFTY02JAN2420450PE.NFO,02/01/2024,13:23:57,0.2,0.2,11240,0.25,27840,0,111440
FINNIFTY02JAN2420450PE.NFO,02/01/2024,13:24:13,0.2,0.2,10520,0.25,28520,0,111440
FINNIFTY02JAN2420450PE.NFO,02/01/2024,13:24:22,0.2,0.2,10520,0.25,28800,0,111440
FINNIFTY02JAN2420450PE.NFO,02/01/2024,13:24:40,0.25,0.2,11640,0.25,28400,80,111240
FINNIFTY02JAN2420450PE.NFO,02/01/2024,13:25:16,0.25,0.2,11680,0.25,28400,0,111240
FINNIFTY02JAN2420450PE.NFO,02/01/2024,13:25:52,0.25,0.2,10960,0.25,28480,0,111240
FINNIFTY02JAN2420450PE.NFO,02/01/2024,13:26:09,0.2,0.2,8120,0.25,26680,3600,111240
FINNIFTY02JAN2420450PE.NFO,02/01/2024,13:26:18,0.25,0.2,5960,0.25,28320,4040,111240
FINNIFTY02JAN2420450PE.NFO,02/01/2024,13:26:26,0.25,0.2,5800,0.25,28280,840,111240
FINNIFTY02JAN2420450PE.NFO,02/01/2024,13:26:44,0.25,0.2,5800,0.25,28240,40,111240
FINNIFTY02JAN2420450PE.NFO,02/01/2024,13:26:52,0.25,0.2,5800,0.25,28200,40,111240
FINNIFTY02JAN2420450PE.NFO,02/01/2024,13:27:01,0.25,0.2,5800,0.25,28120,0,111240
FINNIFTY02JAN2420450PE.NFO,02/01/2024,13:27:10,0.25,0.2,7440,0.25,25680,2440,111200
FINNIFTY02JAN2420450PE.NFO,02/01/2024,13:27:18,0.25,0.2,7440,0.25,25680,0,111200
FINNIFTY02JAN2420450PE.NFO,02/01/2024,13:27:35,0.25,0.2,7040,0.25,25960,40,111200
FINNIFTY02JAN2420450PE.NFO,02/01/2024,13:28:00,0.2,0.2,5760,0.25,25960,3000,111200
FINNIFTY02JAN2420450PE.NFO,02/01/2024,13:28:25,0.2,0.2,5600,0.25,25640,160,111200
FINNIFTY02JAN2420450PE.NFO,02/01/2024,13:28:34,0.2,0.2,5480,0.25,25640,120,111200
FINNIFTY02JAN2420450PE.NFO,02/01/2024,13:28:43,0.2,0.2,5480,0.25,25560,0,111200
FINNIFTY02JAN2420450PE.NFO,02/01/2024,13:28:51,0.2,0.2,3960,0.25,22880,1800,111200
FINNIFTY02JAN2420450PE.NFO,02/01/2024,13:29:00,0.2,0.2,2160,0.25,23080,1920,111200
FINNIFTY02JAN2420450PE.NFO,02/01/2024,13:29:33,0.25,0.2,2200,0.25,22880,200,111200
FINNIFTY02JAN2420450PE.NFO,02/01/2024,13:29:42,0.25,0.2,2160,0.25,22880,0,111200
FINNIFTY02JAN2420450PE.NFO,02/01/2024,13:30:51,0.25,0.2,1880,0.25,23520,0,111200
FINNIFTY02JAN2420450PE.NFO,02/01/2024,13:31:00,0.25,0.2,1880,0.25,23680,0,111200
FINNIFTY02JAN2420450PE.NFO,02/01/2024,13:31:09,0.2,0.2,1800,0.25,22880,480,111600
FINNIFTY02JAN2420450PE.NFO,02/01/2024,13:31:18,0.2,0.2,1440,0.25,22880,0,111600
FINNIFTY02JAN2420450PE.NFO,02/01/2024,13:31:36,0.2,0.2,80,0.25,21200,1680,111600
FINNIFTY02JAN2420450PE.NFO,02/01/2024,13:31:45,0.2,0.2,40,0.25,21200,320,111600
FINNIFTY02JAN2420450PE.NFO,02/01/2024,13:31:54,0.25,0.15,103040,0.25,17440,160,111600
FINNIFTY02JAN2420450PE.NFO,02/01/2024,13:32:03,0.25,0.2,9320,0.25,17320,160,111600
FINNIFTY02JAN2420450PE.NFO,02/01/2024,13:32:12,0.25,0.2,9320,0.25,20840,80,111600
FINNIFTY02JAN2420450PE.NFO,02/01/2024,13:32:21,0.2,0.15,103040,0.2,5760,2440,111600
FINNIFTY02JAN2420450PE.NFO,02/01/2024,13:32:30,0.2,0.15,103160,0.2,7880,400,111600
FINNIFTY02JAN2420450PE.NFO,02/01/2024,13:32:39,0.2,0.15,103160,0.2,11840,640,111600
FINNIFTY02JAN2420450PE.NFO,02/01/2024,13:32:48,0.2,0.15,103160,0.2,9360,800,111600
FINNIFTY02JAN2420450PE.NFO,02/01/2024,13:32:57,0.2,0.15,103120,0.2,10400,200,111600
FINNIFTY02JAN2420450PE.NFO,02/01/2024,13:32:57,0.15,0.15,103120,0.2,10400,0,111600
FINNIFTY02JAN2420450PE.NFO,02/01/2024,13:33:06,0.2,0.15,103080,0.2,11080,960,112360
FINNIFTY02JAN2420450PE.NFO,02/01/2024,13:33:15,0.2,0.15,104320,0.2,9120,920,112360
FINNIFTY02JAN2420450PE.NFO,02/01/2024,13:33:24,0.2,0.15,104760,0.2,8840,280,112360
FINNIFTY02JAN2420450PE.NFO,02/01/2024,13:33:32,0.2,0.15,104760,0.2,8640,200,112360
FINNIFTY02JAN2420450PE.NFO,02/01/2024,13:33:50,0.2,0.15,104640,0.2,11800,0,112360
FINNIFTY02JAN2420450PE.NFO,02/01/2024,13:34:17,0.2,0.15,105120,0.2,11800,0,112360
FINNIFTY02JAN2420450PE.NFO,02/01/2024,13:35:04,0.2,0.15,119520,0.2,13920,0,112360
FINNIFTY02JAN2420450PE.NFO,02/01/2024,13:35:31,0.2,0.15,119520,0.2,13120,800,112360
FINNIFTY02JAN2420450PE.NFO,02/01/2024,13:35:58,0.2,0.15,117720,0.2,13120,0,112360
FINNIFTY02JAN2420450PE.NFO,02/01/2024,13:36:07,0.2,0.15,129360,0.2,13120,0,112360
FINNIFTY02JAN2420450PE.NFO,02/01/2024,13:36:15,0.2,0.15,120360,0.2,13120,0,112360
FINNIFTY02JAN2420450PE.NFO,02/01/2024,13:36:24,0.2,0.15,113160,0.2,13120,0,112360
FINNIFTY02JAN2420450PE.NFO,02/01/2024,13:36:33,0.2,0.15,98760,0.2,14720,200,110120
FINNIFTY02JAN2420450PE.NFO,02/01/2024,13:36:42,0.2,0.15,98760,0.2,12920,0,110120
FINNIFTY02JAN2420450PE.NFO,02/01/2024,13:37:20,0.15,0.15,98840,0.2,14400,40,110120
FINNIFTY02JAN2420450PE.NFO,02/01/2024,13:37:29,0.2,0.15,98840,0.2,12560,40,110120
FINNIFTY02JAN2420450PE.NFO,02/01/2024,13:37:38,0.2,0.15,98840,0.2,12560,0,110120
FINNIFTY02JAN2420450PE.NFO,02/01/2024,13:38:32,0.2,0.15,99400,0.2,10800,4000,110120
FINNIFTY02JAN2420450PE.NFO,02/01/2024,13:38:40,0.2,0.15,99400,0.2,9000,0,110120
FINNIFTY02JAN2420450PE.NFO,02/01/2024,13:38:58,0.2,0.15,101200,0.2,6920,2080,110120
FINNIFTY02JAN2420450PE.NFO,02/01/2024,13:39:06,0.2,0.15,101200,0.2,10520,0,110120
FINNIFTY02JAN2420450PE.NFO,02/01/2024,13:40:23,0.2,0.15,101200,0.2,19520,0,110120
FINNIFTY02JAN2420450PE.NFO,02/01/2024,13:40:32,0.2,0.15,101200,0.2,17720,0,110120
FINNIFTY02JAN2420450PE.NFO,02/01/2024,13:41:13,0.2,0.15,61200,0.2,17720,0,110120
FINNIFTY02JAN2420450PE.NFO,02/01/2024,13:41:31,0.2,0.15,50360,0.2,19840,0,110120
FINNIFTY02JAN2420450PE.NFO,02/01/2024,13:42:05,0.2,0.15,50360,0.2,18040,0,110120
FINNIFTY02JAN2420450PE.NFO,02/01/2024,13:42:14,0.2,0.15,50400,0.2,19520,0,110120
FINNIFTY02JAN2420450PE.NFO,02/01/2024,13:42:23,0.2,0.15,50560,0.2,20240,0,110120
FINNIFTY02JAN2420450PE.NFO,02/01/2024,13:42:39,0.2,0.15,45160,0.2,19520,0,110120
FINNIFTY02JAN2420450PE.NFO,02/01/2024,13:42:47,0.2,0.15,43360,0.2,18440,0,110120
FINNIFTY02JAN2420450PE.NFO,02/01/2024,13:42:56,0.15,0.15,43280,0.2,17720,80,110240
FINNIFTY02JAN2420450PE.NFO,02/01/2024,13:43:04,0.15,0.15,42760,0.2,17720,0,110240
FINNIFTY02JAN2420450PE.NFO,02/01/2024,13:43:30,0.15,0.15,35560,0.2,17720,0,110240
FINNIFTY02JAN2420450PE.NFO,02/01/2024,13:43:47,0.15,0.15,46400,0.2,20240,0,110240
FINNIFTY02JAN2420450PE.NFO,02/01/2024,13:43:56,0.15,0.15,46360,0.2,20240,40,110240
FINNIFTY02JAN2420450PE.NFO,02/01/2024,13:44:04,0.15,0.15,46320,0.2,18440,40,110240
FINNIFTY02JAN2420450PE.NFO,02/01/2024,13:44:13,0.15,0.15,46280,0.2,17720,40,110240
FINNIFTY02JAN2420450PE.NFO,02/01/2024,13:44:21,0.15,0.15,46240,0.2,18440,40,110240
FINNIFTY02JAN2420450PE.NFO,02/01/2024,13:44:30,0.15,0.15,46080,0.2,17720,160,110240
FINNIFTY02JAN2420450PE.NFO,02/01/2024,13:44:54,0.15,0.15,44960,0.2,20240,1120,110240
FINNIFTY02JAN2420450PE.NFO,02/01/2024,13:45:03,0.15,0.15,39960,0.2,23120,5000,110240
FINNIFTY02JAN2420450PE.NFO,02/01/2024,13:45:12,0.15,0.15,39960,0.2,26720,0,110240
FINNIFTY02JAN2420450PE.NFO,02/01/2024,13:45:21,0.15,0.15,39960,0.2,25640,0,110240
FINNIFTY02JAN2420450PE.NFO,02/01/2024,13:45:29,0.15,0.15,39920,0.2,28640,40,110240
FINNIFTY02JAN2420450PE.NFO,02/01/2024,13:45:45,0.15,0.15,39880,0.2,29000,40,110240
FINNIFTY02JAN2420450PE.NFO,02/01/2024,13:45:53,0.15,0.15,39840,0.2,28000,40,110240
FINNIFTY02JAN2420450PE.NFO,02/01/2024,13:46:01,0.2,0.15,39800,0.2,26040,240,110240
FINNIFTY02JAN2420450PE.NFO,02/01/2024,13:46:10,0.2,0.15,39800,0.2,26000,0,110240
FINNIFTY02JAN2420450PE.NFO,02/01/2024,13:46:27,0.2,0.15,39800,0.2,19880,720,110240
FINNIFTY02JAN2420450PE.NFO,02/01/2024,13:46:35,0.2,0.15,39360,0.2,23480,0,110240
FINNIFTY02JAN2420450PE.NFO,02/01/2024,13:46:52,0.2,0.15,39360,0.2,23240,240,110240
FINNIFTY02JAN2420450PE.NFO,02/01/2024,13:47:00,0.15,0.15,39160,0.2,23320,200,110240
FINNIFTY02JAN2420450PE.NFO,02/01/2024,13:47:09,0.15,0.15,36720,0.2,24520,3040,110240
FINNIFTY02JAN2420450PE.NFO,02/01/2024,13:47:17,0.15,0.15,36640,0.2,25200,80,110240
FINNIFTY02JAN2420450PE.NFO,02/01/2024,13:47:25,0.15,0.15,37800,0.2,21560,6040,110240
FINNIFTY02JAN2420450PE.NFO,02/01/2024,13:47:34,0.2,0.15,37720,0.2,21960,320,110240
FINNIFTY02JAN2420450PE.NFO,02/01/2024,13:47:43,0.2,0.15,37720,0.2,19840,320,110240
FINNIFTY02JAN2420450PE.NFO,02/01/2024,13:47:52,0.2,0.15,37720,0.2,16320,200,110240
FINNIFTY02JAN2420450PE.NFO,02/01/2024,13:48:01,0.2,0.15,23240,0.2,14800,2000,110240
FINNIFTY02JAN2420450PE.NFO,02/01/2024,13:48:09,0.2,0.15,23240,0.2,15520,0,110240
FINNIFTY02JAN2420450PE.NFO,02/01/2024,13:48:18,0.2,0.15,26840,0.2,15240,280,110240
FINNIFTY02JAN2420450PE.NFO,02/01/2024,13:48:27,0.2,0.15,27200,0.2,14200,320,106200
FINNIFTY02JAN2420450PE.NFO,02/01/2024,13:48:35,0.2,0.15,27200,0.2,13520,680,106200
FINNIFTY02JAN2420450PE.NFO,02/01/2024,13:49:25,0.2,0.15,27200,0.2,16920,200,106200
FINNIFTY02JAN2420450PE.NFO,02/01/2024,13:49:34,0.2,0.15,23240,0.2,13320,0,106200
FINNIFTY02JAN2420450PE.NFO,02/01/2024,13:49:42,0.2,0.15,26840,0.2,13680,360,106200
FINNIFTY02JAN2420450PE.NFO,02/01/2024,13:49:50,0.2,0.15,26720,0.2,8480,1680,106200
FINNIFTY02JAN2420450PE.NFO,02/01/2024,13:49:58,0.2,0.15,26520,0.2,7200,1280,106200
FINNIFTY02JAN2420450PE.NFO,02/01/2024,13:50:06,0.2,0.15,26000,0.25,11720,18400,106200
FINNIFTY02JAN2420450PE.NFO,02/01/2024,13:50:15,0.2,0.2,3840,0.25,31800,1920,106200
FINNIFTY02JAN2420450PE.NFO,02/01/2024,13:50:24,0.2,0.2,5200,0.25,30000,600,106200
FINNIFTY02JAN2420450PE.NFO,02/01/2024,13:50:33,0.25,0.2,4440,0.25,19280,440,106200
FINNIFTY02JAN2420450PE.NFO,02/01/2024,13:50:42,0.2,0.2,5440,0.25,26600,80,106200
FINNIFTY02JAN2420450PE.NFO,02/01/2024,13:50:51,0.2,0.2,3160,0.25,26720,0,106200
FINNIFTY02JAN2420450PE.NFO,02/01/2024,13:51:01,0.2,0.15,35840,0.2,1760,1680,106200
FINNIFTY02JAN2420450PE.NFO,02/01/2024,13:51:10,0.2,0.15,35240,0.25,34680,7320,107560
FINNIFTY02JAN2420450PE.NFO,02/01/2024,13:51:19,0.2,0.2,2600,0.25,34360,760,107560
FINNIFTY02JAN2420450PE.NFO,02/01/2024,13:51:28,0.2,0.2,2400,0.25,35200,280,107560
FINNIFTY02JAN2420450PE.NFO,02/01/2024,13:51:37,0.2,0.2,1360,0.25,32160,1040,107560
FINNIFTY02JAN2420450PE.NFO,02/01/2024,13:51:46,0.2,0.2,1600,0.25,33400,200,107560
FINNIFTY02JAN2420450PE.NFO,02/01/2024,13:51:55,0.2,0.2,1560,0.25,30360,40,107560
FINNIFTY02JAN2420450PE.NFO,02/01/2024,13:52:04,0.2,0.2,1480,0.25,35200,80,107560
FINNIFTY02JAN2420450PE.NFO,02/01/2024,13:52:13,0.2,0.2,1400,0.25,33400,80,107560
FINNIFTY02JAN2420450PE.NFO,02/01/2024,13:52:22,0.2,0.2,3840,0.25,30360,80,107560
FINNIFTY02JAN2420450PE.NFO,02/01/2024,13:52:32,0.25,0.2,4600,0.25,27400,320,107560
FINNIFTY02JAN2420450PE.NFO,02/01/2024,13:52:41,0.2,0.2,13560,0.25,28240,80,107560
FINNIFTY02JAN2420450PE.NFO,02/01/2024,13:52:51,0.2,0.2,14360,0.25,28360,40,107560
FINNIFTY02JAN2420450PE.NFO,02/01/2024,13:53:00,0.2,0.2,14520,0.25,31400,200,107560
FINNIFTY02JAN2420450PE.NFO,02/01/2024,13:53:09,0.2,0.2,14800,0.25,29600,160,107560
FINNIFTY02JAN2420450PE.NFO,02/01/2024,13:53:18,0.25,0.2,14520,0.25,29000,880,107560
FINNIFTY02JAN2420450PE.NFO,02/01/2024,13:53:28,0.2,0.2,10720,0.25,30480,2560,107560
FINNIFTY02JAN2420450PE.NFO,02/01/2024,13:53:47,0.2,0.2,10720,0.25,30480,0,107560
FINNIFTY02JAN2420450PE.NFO,02/01/2024,13:53:57,0.2,0.2,11720,0.25,33520,0,107560
FINNIFTY02JAN2420450PE.NFO,02/01/2024,13:54:06,0.2,0.2,11720,0.25,30480,0,107560
FINNIFTY02JAN2420450PE.NFO,02/01/2024,13:54:26,0.2,0.2,11520,0.25,33840,200,109880
FINNIFTY02JAN2420450PE.NFO,02/01/2024,13:54:35,0.2,0.2,10560,0.25,36280,960,109880
FINNIFTY02JAN2420450PE.NFO,02/01/2024,13:54:44,0.2,0.2,10080,0.25,34480,1200,109880
FINNIFTY02JAN2420450PE.NFO,02/01/2024,13:54:54,0.2,0.2,9480,0.25,36720,600,109880
FINNIFTY02JAN2420450PE.NFO,02/01/2024,13:55:12,0.2,0.2,9480,0.25,36720,0,109880
FINNIFTY02JAN2420450PE.NFO,02/01/2024,13:55:21,0.2,0.2,10040,0.25,34160,1000,109880
FINNIFTY02JAN2420450PE.NFO,02/01/2024,13:55:38,0.2,0.2,10040,0.25,32360,0,109880
FINNIFTY02JAN2420450PE.NFO,02/01/2024,13:55:47,0.25,0.2,9960,0.25,34080,80,109880
FINNIFTY02JAN2420450PE.NFO,02/01/2024,13:55:56,0.25,0.2,9960,0.25,36760,0,109880
FINNIFTY02JAN2420450PE.NFO,02/01/2024,13:56:04,0.25,0.2,9960,0.25,32280,0,109880
FINNIFTY02JAN2420450PE.NFO,02/01/2024,13:56:56,0.25,0.2,9960,0.25,30960,80,109880
FINNIFTY02JAN2420450PE.NFO,02/01/2024,13:57:22,0.2,0.2,9000,0.25,30960,960,110880
FINNIFTY02JAN2420450PE.NFO,02/01/2024,13:57:48,0.2,0.2,7200,0.25,34000,240,110880
FINNIFTY02JAN2420450PE.NFO,02/01/2024,13:57:57,0.25,0.2,6600,0.25,33600,1000,110880
FINNIFTY02JAN2420450PE.NFO,02/01/2024,13:58:13,0.25,0.2,6480,0.25,34200,0,110880
FINNIFTY02JAN2420450PE.NFO,02/01/2024,13:58:38,0.25,0.2,6480,0.25,32400,0,110880
FINNIFTY02JAN2420450PE.NFO,02/01/2024,13:58:47,0.2,0.2,7560,0.25,32400,480,110880
FINNIFTY02JAN2420450PE.NFO,02/01/2024,13:59:05,0.2,0.2,7280,0.25,32400,280,110880
FINNIFTY02JAN2420450PE.NFO,02/01/2024,13:59:13,0.2,0.2,5440,0.25,34120,280,110880
FINNIFTY02JAN2420450PE.NFO,02/01/2024,13:59:22,0.2,0.2,5440,0.25,32320,0,110880
FINNIFTY02JAN2420450PE.NFO,02/01/2024,13:59:31,0.2,0.2,5440,0.25,32520,0,110880
FINNIFTY02JAN2420450PE.NFO,02/01/2024,13:59:48,0.2,0.2,5320,0.25,34320,120,110880
FINNIFTY02JAN2420450PE.NFO,02/01/2024,13:59:57,0.2,0.2,4920,0.25,34320,400,110880
FINNIFTY02JAN2420450PE.NFO,02/01/2024,14:00:06,0.2,0.2,4840,0.25,34320,80,110880
FINNIFTY02JAN2420450PE.NFO,02/01/2024,14:00:23,0.25,0.2,4840,0.25,34240,80,112520
FINNIFTY02JAN2420450PE.NFO,02/01/2024,14:00:40,0.25,0.2,4840,0.25,34240,0,112520
FINNIFTY02JAN2420450PE.NFO,02/01/2024,14:00:49,0.2,0.2,3520,0.25,34560,1320,112520
FINNIFTY02JAN2420450PE.NFO,02/01/2024,14:00:57,0.2,0.2,2480,0.25,36440,1040,112520
FINNIFTY02JAN2420450PE.NFO,02/01/2024,14:01:06,0.2,0.2,2800,0.25,36440,560,112520
FINNIFTY02JAN2420450PE.NFO,02/01/2024,14:01:41,0.2,0.2,2600,0.25,36440,200,112520
FINNIFTY02JAN2420450PE.NFO,02/01/2024,14:01:50,0.2,0.15,25800,0.2,41160,2040,112520
FINNIFTY02JAN2420450PE.NFO,02/01/2024,14:02:07,0.15,0.15,25760,0.2,41160,40,112520
FINNIFTY02JAN2420450PE.NFO,02/01/2024,14:02:16,0.15,0.15,25760,0.2,41520,0,112520
FINNIFTY02JAN2420450PE.NFO,02/01/2024,14:02:33,0.2,0.15,26040,0.2,41480,40,112520
FINNIFTY02JAN2420450PE.NFO,02/01/2024,14:02:50,0.2,0.15,26040,0.2,41880,0,112520
FINNIFTY02JAN2420450PE.NFO,02/01/2024,14:03:43,0.2,0.15,26040,0.2,41880,80,113280
FINNIFTY02JAN2420450PE.NFO,02/01/2024,14:03:52,0.2,0.15,26040,0.2,41240,240,113280
FINNIFTY02JAN2420450PE.NFO,02/01/2024,14:04:02,0.2,0.15,26040,0.2,40320,920,113280
FINNIFTY02JAN2420450PE.NFO,02/01/2024,14:04:11,0.2,0.15,26280,0.2,42840,520,113280
FINNIFTY02JAN2420450PE.NFO,02/01/2024,14:04:20,0.2,0.15,26640,0.2,42680,160,113280
FINNIFTY02JAN2420450PE.NFO,02/01/2024,14:04:30,0.2,0.15,26640,0.2,44400,80,113280
FINNIFTY02JAN2420450PE.NFO,02/01/2024,14:04:39,0.2,0.15,26640,0.2,44400,0,113280
FINNIFTY02JAN2420450PE.NFO,02/01/2024,14:04:58,0.2,0.15,26640,0.2,44240,480,113280
FINNIFTY02JAN2420450PE.NFO,02/01/2024,14:05:34,0.2,0.15,26640,0.2,43880,40,113280
FINNIFTY02JAN2420450PE.NFO,02/01/2024,14:05:43,0.2,0.15,26960,0.2,41960,120,113280
FINNIFTY02JAN2420450PE.NFO,02/01/2024,14:05:51,0.2,0.15,26960,0.2,41880,80,113280
FINNIFTY02JAN2420450PE.NFO,02/01/2024,14:06:00,0.2,0.15,26960,0.2,41840,40,113280
FINNIFTY02JAN2420450PE.NFO,02/01/2024,14:06:16,0.2,0.15,26960,0.2,41800,40,113240
FINNIFTY02JAN2420450PE.NFO,02/01/2024,14:06:41,0.2,0.15,26960,0.2,41760,0,113240
FINNIFTY02JAN2420450PE.NFO,02/01/2024,14:07:16,0.2,0.15,19720,0.2,42520,0,113240
FINNIFTY02JAN2420450PE.NFO,02/01/2024,14:07:24,0.2,0.15,19720,0.2,42480,0,113240
FINNIFTY02JAN2420450PE.NFO,02/01/2024,14:07:32,0.2,0.15,8240,0.2,42480,0,113240
FINNIFTY02JAN2420450PE.NFO,02/01/2024,14:07:40,0.15,0.15,8200,0.2,42480,40,113240
FINNIFTY02JAN2420450PE.NFO,02/01/2024,14:07:48,0.15,0.15,9000,0.2,42800,0,113240
FINNIFTY02JAN2420450PE.NFO,02/01/2024,14:07:56,0.15,0.15,27000,0.2,42800,0,113240
FINNIFTY02JAN2420450PE.NFO,02/01/2024,14:09:02,0.2,0.15,27000,0.2,42600,200,113240
FINNIFTY02JAN2420450PE.NFO,02/01/2024,14:09:31,0.2,0.15,27000,0.2,43800,600,113280
FINNIFTY02JAN2420450PE.NFO,02/01/2024,14:09:41,0.2,0.15,27000,0.2,42000,0,113280
FINNIFTY02JAN2420450PE.NFO,02/01/2024,14:10:13,0.15,0.15,26800,0.2,43560,440,113280
FINNIFTY02JAN2420450PE.NFO,02/01/2024,14:10:24,0.15,0.15,27040,0.2,41680,240,113280
FINNIFTY02JAN2420450PE.NFO,02/01/2024,14:10:34,0.2,0.15,27000,0.2,45120,200,113280
FINNIFTY02JAN2420450PE.NFO,02/01/2024,14:10:54,0.15,0.15,26840,0.2,43320,160,113280
FINNIFTY02JAN2420450PE.NFO,02/01/2024,14:11:04,0.15,0.15,26640,0.2,43000,200,113280
FINNIFTY02JAN2420450PE.NFO,02/01/2024,14:11:16,0.15,0.15,26360,0.2,45120,280,113280
FINNIFTY02JAN2420450PE.NFO,02/01/2024,14:11:28,0.15,0.15,26240,0.2,43320,120,113280
FINNIFTY02JAN2420450PE.NFO,02/01/2024,14:12:56,0.15,0.15,25840,0.2,43320,400,113280
FINNIFTY02JAN2420450PE.NFO,02/01/2024,14:13:06,0.15,0.15,25600,0.2,44800,240,113280
FINNIFTY02JAN2420450PE.NFO,02/01/2024,14:13:16,0.15,0.15,38680,0.2,45120,240,113280
FINNIFTY02JAN2420450PE.NFO,02/01/2024,14:13:27,0.15,0.15,40120,0.2,43320,360,113280
FINNIFTY02JAN2420450PE.NFO,02/01/2024,14:13:37,0.15,0.15,39840,0.2,42000,240,113280
FINNIFTY02JAN2420450PE.NFO,02/01/2024,14:13:48,0.15,0.15,39800,0.2,42080,40,113280
FINNIFTY02JAN2420450PE.NFO,02/01/2024,14:13:58,0.15,0.15,39680,0.2,42120,0,113280
FINNIFTY02JAN2420450PE.NFO,02/01/2024,14:14:09,0.2,0.15,39680,0.2,41720,400,113280
FINNIFTY02JAN2420450PE.NFO,02/01/2024,14:14:30,0.2,0.15,38960,0.2,42800,720,113280
FINNIFTY02JAN2420450PE.NFO,02/01/2024,14:14:40,0.2,0.15,38960,0.2,41000,0,113280
FINNIFTY02JAN2420450PE.NFO,02/01/2024,14:14:59,0.2,0.15,38960,0.2,42520,280,113280
FINNIFTY02JAN2420450PE.NFO,02/01/2024,14:15:09,0.2,0.15,38960,0.2,38920,0,113280
FINNIFTY02JAN2420450PE.NFO,02/01/2024,14:15:28,0.2,0.15,39960,0.2,41120,0,113280
FINNIFTY02JAN2420450PE.NFO,02/01/2024,14:15:47,0.2,0.15,27360,0.2,39000,0,113280
FINNIFTY02JAN2420450PE.NFO,02/01/2024,14:16:06,0.2,0.15,27280,0.2,40800,0,113280
FINNIFTY02JAN2420450PE.NFO,02/01/2024,14:17:47,0.2,0.15,27280,0.2,39120,200,111920
FINNIFTY02JAN2420450PE.NFO,02/01/2024,14:17:57,0.2,0.15,27280,0.2,38680,120,111920
FINNIFTY02JAN2420450PE.NFO,02/01/2024,14:18:36,0.2,0.15,26480,0.2,38680,0,111920
FINNIFTY02JAN2420450PE.NFO,02/01/2024,14:19:27,0.15,0.15,26200,0.2,38680,280,111920
FINNIFTY02JAN2420450PE.NFO,02/01/2024,14:19:38,0.15,0.15,26800,0.2,38680,1600,111920
FINNIFTY02JAN2420450PE.NFO,02/01/2024,14:19:48,0.15,0.15,26000,0.2,38520,2800,111920
FINNIFTY02JAN2420450PE.NFO,02/01/2024,14:19:57,0.15,0.15,25960,0.2,36720,40,111920
FINNIFTY02JAN2420450PE.NFO,02/01/2024,14:20:07,0.15,0.15,25600,0.2,37440,360,111920
FINNIFTY02JAN2420450PE.NFO,02/01/2024,14:20:17,0.15,0.15,25600,0.2,37440,0,111920
FINNIFTY02JAN2420450PE.NFO,02/01/2024,14:20:36,0.15,0.15,16600,0.2,38920,9000,111920
FINNIFTY02JAN2420450PE.NFO,02/01/2024,14:20:45,0.15,0.15,7560,0.2,36720,920,111920
FINNIFTY02JAN2420450PE.NFO,02/01/2024,14:20:54,0.15,0.1,76720,0.15,27800,7560,111920
FINNIFTY02JAN2420450PE.NFO,02/01/2024,14:21:04,0.15,0.1,76720,0.15,39200,0,111920
FINNIFTY02JAN2420450PE.NFO,02/01/2024,14:21:13,0.15,0.1,69520,0.15,39280,0,111920
FINNIFTY02JAN2420450PE.NFO,02/01/2024,14:21:40,0.15,0.1,69520,0.15,38600,680,118520
FINNIFTY02JAN2420450PE.NFO,02/01/2024,14:21:59,0.15,0.1,60520,0.15,39320,0,118520
FINNIFTY02JAN2420450PE.NFO,02/01/2024,14:22:08,0.15,0.1,51520,0.15,38680,640,118520
FINNIFTY02JAN2420450PE.NFO,02/01/2024,14:22:17,0.15,0.1,52200,0.15,35840,320,118520
FINNIFTY02JAN2420450PE.NFO,02/01/2024,14:22:27,0.1,0.1,51880,0.15,35840,280,118520
FINNIFTY02JAN2420450PE.NFO,02/01/2024,14:22:27,0.1,0.1,51880,0.15,35840,0,118520
FINNIFTY02JAN2420450PE.NFO,02/01/2024,14:22:45,0.15,0.1,51880,0.15,35560,280,118520
FINNIFTY02JAN2420450PE.NFO,02/01/2024,14:22:55,0.15,0.1,51800,0.15,41520,1000,118520
FINNIFTY02JAN2420450PE.NFO,02/01/2024,14:23:32,0.15,0.1,52600,0.15,40120,0,118520
FINNIFTY02JAN2420450PE.NFO,02/01/2024,14:23:59,0.1,0.1,52240,0.15,40040,360,118520
FINNIFTY02JAN2420450PE.NFO,02/01/2024,14:24:35,0.1,0.1,52160,0.15,41520,0,118520
FINNIFTY02JAN2420450PE.NFO,02/01/2024,14:25:01,0.1,0.1,52720,0.15,42240,0,118520
FINNIFTY02JAN2420450PE.NFO,02/01/2024,14:25:10,0.15,0.1,53960,0.15,39400,640,118520
FINNIFTY02JAN2420450PE.NFO,02/01/2024,14:25:47,0.15,0.1,53960,0.15,39360,1560,118520
FINNIFTY02JAN2420450PE.NFO,02/01/2024,14:26:22,0.15,0.1,41360,0.15,39280,80,118520
FINNIFTY02JAN2420450PE.NFO,02/01/2024,14:26:31,0.15,0.1,49360,0.15,39280,0,118520
FINNIFTY02JAN2420450PE.NFO,02/01/2024,14:26:40,0.15,0.1,51120,0.15,39280,0,118520
FINNIFTY02JAN2420450PE.NFO,02/01/2024,14:26:50,0.15,0.1,43120,0.15,39640,40,118520
FINNIFTY02JAN2420450PE.NFO,02/01/2024,14:28:20,0.15,0.1,43120,0.15,39240,400,118520
FINNIFTY02JAN2420450PE.NFO,02/01/2024,14:28:29,0.15,0.1,43120,0.15,39240,0,118520
FINNIFTY02JAN2420450PE.NFO,02/01/2024,14:28:46,0.15,0.1,35920,0.15,38960,600,118520
FINNIFTY02JAN2420450PE.NFO,02/01/2024,14:28:55,0.15,0.1,35920,0.15,38880,80,118520
FINNIFTY02JAN2420450PE.NFO,02/01/2024,14:29:03,0.15,0.1,29440,0.15,38880,0,118520
FINNIFTY02JAN2420450PE.NFO,02/01/2024,14:29:12,0.15,0.1,29440,0.15,39600,0,118520
FINNIFTY02JAN2420450PE.NFO,02/01/2024,14:30:06,0.15,0.1,32200,0.15,42040,1160,118520
FINNIFTY02JAN2420450PE.NFO,02/01/2024,14:30:16,0.15,0.1,23200,0.15,40240,0,118520
FINNIFTY02JAN2420450PE.NFO,02/01/2024,14:30:35,0.15,0.1,14200,0.15,39920,0,118520
FINNIFTY02JAN2420450PE.NFO,02/01/2024,14:30:45,0.15,0.1,15240,0.15,39920,0,118520
FINNIFTY02JAN2420450PE.NFO,02/01/2024,14:31:14,0.15,0.1,15240,0.15,38840,1080,117360
FINNIFTY02JAN2420450PE.NFO,02/01/2024,14:31:22,0.15,0.1,15800,0.15,38600,240,117360
FINNIFTY02JAN2420450PE.NFO,02/01/2024,14:31:40,0.15,0.1,15800,0.15,37880,0,117360
FINNIFTY02JAN2420450PE.NFO,02/01/2024,14:31:58,0.15,0.1,15800,0.15,37240,640,117360
FINNIFTY02JAN2420450PE.NFO,02/01/2024,14:32:07,0.15,0.1,15800,0.15,36280,960,117360
FINNIFTY02JAN2420450PE.NFO,02/01/2024,14:32:16,0.15,0.1,15800,0.15,35880,720,117360
FINNIFTY02JAN2420450PE.NFO,02/01/2024,14:32:35,0.15,0.1,14800,0.15,34840,1040,117360
FINNIFTY02JAN2420450PE.NFO,02/01/2024,14:32:44,0.15,0.1,14800,0.15,34640,160,117360
FINNIFTY02JAN2420450PE.NFO,02/01/2024,14:32:53,0.15,0.1,14800,0.15,34520,120,117360
FINNIFTY02JAN2420450PE.NFO,02/01/2024,14:33:02,0.15,0.1,14800,0.15,34160,40,117360
FINNIFTY02JAN2420450PE.NFO,02/01/2024,14:33:11,0.15,0.1,14800,0.15,34400,80,117360
FINNIFTY02JAN2420450PE.NFO,02/01/2024,14:33:20,0.15,0.1,14800,0.15,35440,440,116360
FINNIFTY02JAN2420450PE.NFO,02/01/2024,14:33:30,0.15,0.1,14800,0.15,35320,120,116360
FINNIFTY02JAN2420450PE.NFO,02/01/2024,14:33:39,0.15,0.1,14800,0.15,33480,40,116360
FINNIFTY02JAN2420450PE.NFO,02/01/2024,14:33:49,0.15,0.1,14800,0.15,35160,120,116360
FINNIFTY02JAN2420450PE.NFO,02/01/2024,14:33:58,0.15,0.1,14800,0.15,33280,80,116360
FINNIFTY02JAN2420450PE.NFO,02/01/2024,14:34:07,0.15,0.1,14800,0.15,35040,40,116360
FINNIFTY02JAN2420450PE.NFO,02/01/2024,14:34:26,0.15,0.1,14800,0.15,29600,40,116360
FINNIFTY02JAN2420450PE.NFO,02/01/2024,14:34:52,0.15,0.1,14800,0.15,35040,0,116360
FINNIFTY02JAN2420450PE.NFO,02/01/2024,14:35:01,0.15,0.1,14800,0.15,35080,40,116360
FINNIFTY02JAN2420450PE.NFO,02/01/2024,14:35:09,0.15,0.1,14800,0.15,35040,40,116360
FINNIFTY02JAN2420450PE.NFO,02/01/2024,14:35:19,0.15,0.1,14400,0.15,35160,600,116360
FINNIFTY02JAN2420450PE.NFO,02/01/2024,14:35:29,0.15,0.1,14400,0.15,34760,80,116360
FINNIFTY02JAN2420450PE.NFO,02/01/2024,14:35:38,0.15,0.1,14400,0.15,34680,80,116360
FINNIFTY02JAN2420450PE.NFO,02/01/2024,14:35:47,0.15,0.1,14400,0.15,34640,40,116360
FINNIFTY02JAN2420450PE.NFO,02/01/2024,14:35:56,0.15,0.1,14400,0.15,33680,960,116360
FINNIFTY02JAN2420450PE.NFO,02/01/2024,14:36:05,0.15,0.1,14400,0.15,33560,120,116360
FINNIFTY02JAN2420450PE.NFO,02/01/2024,14:36:14,0.15,0.1,15840,0.15,33480,80,116360
FINNIFTY02JAN2420450PE.NFO,02/01/2024,14:36:24,0.15,0.1,14400,0.15,33400,80,116280
FINNIFTY02JAN2420450PE.NFO,02/01/2024,14:36:42,0.15,0.1,14400,0.15,33320,80,116280
FINNIFTY02JAN2420450PE.NFO,02/01/2024,14:36:51,0.15,0.1,14400,0.15,33280,40,116280
FINNIFTY02JAN2420450PE.NFO,02/01/2024,14:37:00,0.15,0.1,14400,0.15,27800,80,116280
FINNIFTY02JAN2420450PE.NFO,02/01/2024,14:37:17,0.1,0.1,14360,0.15,27240,920,116280
FINNIFTY02JAN2420450PE.NFO,02/01/2024,14:37:26,0.15,0.1,14120,0.15,31760,880,116280
FINNIFTY02JAN2420450PE.NFO,02/01/2024,14:37:47,0.15,0.1,17000,0.15,28960,2800,116280
FINNIFTY02JAN2420450PE.NFO,02/01/2024,14:37:57,0.15,0.1,19880,0.15,24360,2800,116280
FINNIFTY02JAN2420450PE.NFO,02/01/2024,14:38:09,0.15,0.1,18720,0.15,25280,2040,116280
FINNIFTY02JAN2420450PE.NFO,02/01/2024,14:38:20,0.15,0.1,18720,0.15,20280,3200,116280
FINNIFTY02JAN2420450PE.NFO,02/01/2024,14:38:33,0.15,0.1,22360,0.15,21160,1280,116280
FINNIFTY02JAN2420450PE.NFO,02/01/2024,14:38:45,0.15,0.1,22360,0.15,20840,320,116280
FINNIFTY02JAN2420450PE.NFO,02/01/2024,14:38:55,0.15,0.1,22360,0.15,18800,240,116280
FINNIFTY02JAN2420450PE.NFO,02/01/2024,14:39:06,0.15,0.1,22360,0.15,20360,240,116280
FINNIFTY02JAN2420450PE.NFO,02/01/2024,14:39:15,0.15,0.1,22360,0.15,20440,240,103800
FINNIFTY02JAN2420450PE.NFO,02/01/2024,14:39:25,0.15,0.1,22360,0.15,18080,240,103800
FINNIFTY02JAN2420450PE.NFO,02/01/2024,14:39:35,0.15,0.1,22360,0.15,18240,280,103800
FINNIFTY02JAN2420450PE.NFO,02/01/2024,14:39:45,0.15,0.1,21840,0.15,18000,760,103800
FINNIFTY02JAN2420450PE.NFO,02/01/2024,14:39:55,0.15,0.1,21840,0.15,15920,280,103800
FINNIFTY02JAN2420450PE.NFO,02/01/2024,14:40:06,0.15,0.1,21840,0.15,17440,280,103800
FINNIFTY02JAN2420450PE.NFO,02/01/2024,14:40:16,0.15,0.1,21840,0.15,15400,240,103800
FINNIFTY02JAN2420450PE.NFO,02/01/2024,14:40:25,0.15,0.1,21840,0.15,15120,280,103800
FINNIFTY02JAN2420450PE.NFO,02/01/2024,14:40:36,0.15,0.1,26840,0.15,14600,480,103800
FINNIFTY02JAN2420450PE.NFO,02/01/2024,14:40:48,0.15,0.1,26840,0.15,12560,320,103800
FINNIFTY02JAN2420450PE.NFO,02/01/2024,14:40:59,0.15,0.1,24160,0.15,7960,320,103800
FINNIFTY02JAN2420450PE.NFO,02/01/2024,14:41:09,0.15,0.1,24000,0.15,8080,200,103800
FINNIFTY02JAN2420450PE.NFO,02/01/2024,14:41:20,0.15,0.1,23920,0.15,9400,0,103800
FINNIFTY02JAN2420450PE.NFO,02/01/2024,14:41:29,0.15,0.1,22040,0.15,9880,9000,103800
FINNIFTY02JAN2420450PE.NFO,02/01/2024,14:41:39,0.15,0.1,19520,0.15,6680,0,103800
FINNIFTY02JAN2420450PE.NFO,02/01/2024,14:41:49,0.15,0.1,21840,0.15,11920,0,103800
FINNIFTY02JAN2420450PE.NFO,02/01/2024,14:42:08,0.15,0.1,19520,0.15,4040,0,103800
FINNIFTY02JAN2420450PE.NFO,02/01/2024,14:42:17,0.15,0.1,24680,0.15,8880,0,103800
FINNIFTY02JAN2420450PE.NFO,02/01/2024,14:42:26,0.15,0.1,29000,0.15,7080,0,103800
FINNIFTY02JAN2420450PE.NFO,02/01/2024,14:42:45,0.15,0.1,26720,0.15,8880,0,103800
FINNIFTY02JAN2420450PE.NFO,02/01/2024,14:43:13,0.15,0.1,14680,0.15,10600,0,103800
FINNIFTY02JAN2420450PE.NFO,02/01/2024,14:44:00,0.15,0.1,11920,0.15,10600,0,103800
FINNIFTY02JAN2420450PE.NFO,02/01/2024,14:44:19,0.15,0.1,19680,0.15,11760,0,103800
FINNIFTY02JAN2420450PE.NFO,02/01/2024,14:44:30,0.15,0.1,19680,0.15,12120,0,103800
FINNIFTY02JAN2420450PE.NFO,02/01/2024,14:44:40,0.15,0.1,17480,0.15,8880,0,103800
FINNIFTY02JAN2420450PE.NFO,02/01/2024,14:44:50,0.15,0.1,19640,0.15,8240,640,96720
FINNIFTY02JAN2420450PE.NFO,02/01/2024,14:45:00,0.15,0.1,17480,0.15,8240,0,96720
FINNIFTY02JAN2420450PE.NFO,02/01/2024,14:45:29,0.15,0.1,17480,0.15,6400,40,96720
FINNIFTY02JAN2420450PE.NFO,02/01/2024,14:45:48,0.15,0.1,15240,0.15,11360,0,96720
FINNIFTY02JAN2420450PE.NFO,02/01/2024,14:45:57,0.1,0.1,15160,0.15,10120,80,96720
FINNIFTY02JAN2420450PE.NFO,02/01/2024,14:46:07,0.1,0.1,14760,0.15,10120,400,96720
FINNIFTY02JAN2420450PE.NFO,02/01/2024,14:46:16,0.1,0.1,13360,0.15,10120,1400,96720
FINNIFTY02JAN2420450PE.NFO,02/01/2024,14:46:25,0.1,0.1,11200,0.15,10120,1640,96720
FINNIFTY02JAN2420450PE.NFO,02/01/2024,14:46:35,0.1,0.1,10600,0.15,9280,240,96720
FINNIFTY02JAN2420450PE.NFO,02/01/2024,14:46:45,0.1,0.1,11680,0.15,7640,240,96720
FINNIFTY02JAN2420450PE.NFO,02/01/2024,14:46:54,0.1,0.1,11480,0.15,10680,200,96720
FINNIFTY02JAN2420450PE.NFO,02/01/2024,14:47:04,0.1,0.1,11240,0.15,10680,240,96720
FINNIFTY02JAN2420450PE.NFO,02/01/2024,14:47:13,0.1,0.1,11120,0.15,10680,120,96720
FINNIFTY02JAN2420450PE.NFO,02/01/2024,14:47:22,0.1,0.1,7520,0.15,10680,0,96720
FINNIFTY02JAN2420450PE.NFO,02/01/2024,14:47:41,0.1,0.1,7560,0.15,9440,0,96720
FINNIFTY02JAN2420450PE.NFO,02/01/2024,14:48:17,0.15,0.1,6960,0.15,10280,680,95880
FINNIFTY02JAN2420450PE.NFO,02/01/2024,14:48:27,0.15,0.1,6960,0.15,10360,240,95880
FINNIFTY02JAN2420450PE.NFO,02/01/2024,14:48:36,0.15,0.1,6960,0.15,10160,200,95880
FINNIFTY02JAN2420450PE.NFO,02/01/2024,14:48:46,0.15,0.1,6960,0.15,11120,240,95880
FINNIFTY02JAN2420450PE.NFO,02/01/2024,14:48:55,0.15,0.1,6920,0.15,11040,120,95880
FINNIFTY02JAN2420450PE.NFO,02/01/2024,14:49:23,0.15,0.1,6920,0.15,11040,0,95880
FINNIFTY02JAN2420450PE.NFO,02/01/2024,14:51:06,0.15,0.1,5280,0.15,12160,0,95880
FINNIFTY02JAN2420450PE.NFO,02/01/2024,14:51:15,0.1,0.1,4680,0.15,12440,600,95880
FINNIFTY02JAN2420450PE.NFO,02/01/2024,14:51:43,0.1,0.1,200,0.15,6400,4680,96600
FINNIFTY02JAN2420450PE.NFO,02/01/2024,14:51:52,0.1,0.1,40,0.15,8320,4640,96600
FINNIFTY02JAN2420450PE.NFO,02/01/2024,14:52:03,0.1,0.1,200,0.15,10520,320,96600
FINNIFTY02JAN2420450PE.NFO,02/01/2024,14:52:13,0.1,0.1,40,0.15,10680,560,96600
FINNIFTY02JAN2420450PE.NFO,02/01/2024,14:52:23,0.1,0.1,200,0.15,9000,720,96600
