Ticker,Date,Time,LTP,BuyPrice,BuyQty,SellPrice,SellQty,LTQ,OpenInterest
FINNIFTY02JAN2422000PE.NFO,02/01/2024,09:16:38,592.05,594.55,40,596,520,40,102760
FINNIFTY02JAN2422000PE.NFO,02/01/2024,09:16:38,592.05,594.55,40,596,520,0,102760
FINNIFTY02JAN2422000PE.NFO,02/01/2024,09:16:38,592.05,594.55,40,596,520,0,102760
FINNIFTY02JAN2422000PE.NFO,02/01/2024,09:16:38,592.05,594.55,40,596,520,0,102760
FINNIFTY02JAN2422000PE.NFO,02/01/2024,09:16:39,592.05,594.4,40,595.85,80,0,102760
FINNIFTY02JAN2422000PE.NFO,02/01/2024,09:16:40,592.05,593.9,80,595.35,80,0,102760
FINNIFTY02JAN2422000PE.NFO,02/01/2024,09:16:41,592.05,593,40,594.75,120,0,102760
FINNIFTY02JAN2422000PE.NFO,02/01/2024,09:16:41,592.05,593.3,80,594.8,160,0,102760
FINNIFTY02JAN2422000PE.NFO,02/01/2024,09:16:43,592.05,592.75,120,594.3,160,0,102760
FINNIFTY02JAN2422000PE.NFO,02/01/2024,09:16:44,592.05,592.65,80,594.3,160,0,102760
FINNIFTY02JAN2422000PE.NFO,02/01/2024,09:16:45,592.05,589.35,120,590.85,80,0,102760
FINNIFTY02JAN2422000PE.NFO,02/01/2024,09:16:46,592.05,589.75,80,591.2,40,0,102760
FINNIFTY02JAN2422000PE.NFO,02/01/2024,09:16:47,592.05,589.25,80,591,520,0,102760
FINNIFTY02JAN2422000PE.NFO,02/01/2024,09:16:48,592.05,588.55,40,590.25,40,0,102760
FINNIFTY02JAN2422000PE.NFO,02/01/2024,09:16:48,592.05,588.4,120,590,520,0,102760
FINNIFTY02JAN2422000PE.NFO,02/01/2024,09:16:49,592.05,587.35,120,589.15,40,0,102760
FINNIFTY02JAN2422000PE.NFO,02/01/2024,09:16:51,592.05,588.65,120,590.65,200,0,102760
FINNIFTY02JAN2422000PE.NFO,02/01/2024,09:16:52,592.05,588.2,40,590,520,0,102760
FINNIFTY02JAN2422000PE.NFO,02/01/2024,09:16:53,592.05,589.6,40,591.5,80,0,102760
FINNIFTY02JAN2422000PE.NFO,02/01/2024,09:16:54,592.05,590.55,120,592.4,40,0,102760
FINNIFTY02JAN2422000PE.NFO,02/01/2024,09:16:55,592.05,590.5,120,592.6,40,0,102760
FINNIFTY02JAN2422000PE.NFO,02/01/2024,09:16:55,592.05,590.25,120,592,680,0,102760
FINNIFTY02JAN2422000PE.NFO,02/01/2024,09:16:57,592.05,590.45,560,592.4,320,0,102760
FINNIFTY02JAN2422000PE.NFO,02/01/2024,09:16:58,592.05,589.3,120,591.25,40,0,102760
FINNIFTY02JAN2422000PE.NFO,02/01/2024,09:16:59,592.05,589,80,590.45,40,0,102760
FINNIFTY02JAN2422000PE.NFO,02/01/2024,09:17:00,592.05,589.45,120,591.4,40,0,102760
FINNIFTY02JAN2422000PE.NFO,02/01/2024,09:17:01,592.05,588.85,40,591.2,120,0,102760
FINNIFTY02JAN2422000PE.NFO,02/01/2024,09:17:02,592.05,590.95,40,592.4,160,0,102760
FINNIFTY02JAN2422000PE.NFO,02/01/2024,09:17:02,592.05,591.05,80,592.55,160,0,102760
FINNIFTY02JAN2422000PE.NFO,02/01/2024,09:17:04,591,590,80,591.35,160,120,102760
FINNIFTY02JAN2422000PE.NFO,02/01/2024,09:17:04,591,590,80,591.35,160,0,102760
FINNIFTY02JAN2422000PE.NFO,02/01/2024,09:17:05,591,590.1,80,591.85,240,0,102760
FINNIFTY02JAN2422000PE.NFO,02/01/2024,09:17:06,591,590.1,600,591.7,40,0,102760
FINNIFTY02JAN2422000PE.NFO,02/01/2024,09:17:07,591,589.25,40,591.15,40,0,102760
FINNIFTY02JAN2422000PE.NFO,02/01/2024,09:17:08,591,589.45,120,590.85,80,0,102760
FINNIFTY02JAN2422000PE.NFO,02/01/2024,09:17:08,591,589.85,80,591.75,200,0,102760
FINNIFTY02JAN2422000PE.NFO,02/01/2024,09:17:09,591,590.15,80,591.35,40,0,102760
FINNIFTY02JAN2422000PE.NFO,02/01/2024,09:17:11,591,590.9,80,592.3,160,0,102760
FINNIFTY02JAN2422000PE.NFO,02/01/2024,09:17:12,591,590.8,160,592.4,40,0,102760
FINNIFTY02JAN2422000PE.NFO,02/01/2024,09:17:13,591,590.3,80,591.95,80,0,102760
FINNIFTY02JAN2422000PE.NFO,02/01/2024,09:17:14,591,590.35,400,591.7,40,0,102760
FINNIFTY02JAN2422000PE.NFO,02/01/2024,09:17:14,591,590.7,80,592.6,440,0,102760
FINNIFTY02JAN2422000PE.NFO,02/01/2024,09:17:15,591,589.8,40,591.8,80,0,102760
FINNIFTY02JAN2422000PE.NFO,02/01/2024,09:17:17,591,589.2,40,590.95,80,0,102760
FINNIFTY02JAN2422000PE.NFO,02/01/2024,09:17:18,591,587.7,120,589.35,80,0,102760
FINNIFTY02JAN2422000PE.NFO,02/01/2024,09:17:19,591,586.9,40,588.5,80,0,102760
FINNIFTY02JAN2422000PE.NFO,02/01/2024,09:17:20,591,587.2,80,588.55,40,0,102760
FINNIFTY02JAN2422000PE.NFO,02/01/2024,09:17:21,591,586.8,120,588.7,360,0,102760
FINNIFTY02JAN2422000PE.NFO,02/01/2024,09:17:21,591,586.9,120,588.7,40,0,102760
FINNIFTY02JAN2422000PE.NFO,02/01/2024,09:17:23,591,587.15,40,588.65,40,0,102760
FINNIFTY02JAN2422000PE.NFO,02/01/2024,09:17:24,591,586.65,40,588.6,200,0,102760
FINNIFTY02JAN2422000PE.NFO,02/01/2024,09:17:25,591,588.65,40,590.35,160,0,102760
FINNIFTY02JAN2422000PE.NFO,02/01/2024,09:17:26,591,587.3,40,589.25,120,0,102760
FINNIFTY02JAN2422000PE.NFO,02/01/2024,09:17:27,591,588.85,120,590.2,40,0,102760
FINNIFTY02JAN2422000PE.NFO,02/01/2024,09:17:27,591,589.2,120,590.65,40,0,102760
FINNIFTY02JAN2422000PE.NFO,02/01/2024,09:17:28,591,590.1,120,591.65,160,0,102760
FINNIFTY02JAN2422000PE.NFO,02/01/2024,09:17:30,591,590.4,120,592.25,160,0,102760
FINNIFTY02JAN2422000PE.NFO,02/01/2024,09:17:31,591,590.55,120,592.5,200,0,102760
FINNIFTY02JAN2422000PE.NFO,02/01/2024,09:17:32,591,588.25,120,590.4,120,0,102760
FINNIFTY02JAN2422000PE.NFO,02/01/2024,09:17:33,591,589.6,120,591.45,160,0,102760
FINNIFTY02JAN2422000PE.NFO,02/01/2024,09:17:34,591,589.9,240,591.6,160,0,102760
FINNIFTY02JAN2422000PE.NFO,02/01/2024,09:17:35,591,590.15,120,591.6,160,0,102760
FINNIFTY02JAN2422000PE.NFO,02/01/2024,09:17:36,591,590.2,120,592,200,0,102760
FINNIFTY02JAN2422000PE.NFO,02/01/2024,09:17:37,591,590.35,120,591.9,160,0,102760
FINNIFTY02JAN2422000PE.NFO,02/01/2024,09:17:38,591,587.9,120,590.45,80,0,102760
FINNIFTY02JAN2422000PE.NFO,02/01/2024,09:17:39,591,590.35,120,592.05,160,0,102760
FINNIFTY02JAN2422000PE.NFO,02/01/2024,09:17:40,591,591.65,160,593.7,160,0,102760
FINNIFTY02JAN2422000PE.NFO,02/01/2024,09:17:41,591,591.85,80,593.8,80,0,102760
FINNIFTY02JAN2422000PE.NFO,02/01/2024,09:17:42,591,591.55,2960,593.55,80,0,102760
FINNIFTY02JAN2422000PE.NFO,02/01/2024,09:17:43,591,591.8,320,593.4,40,0,102760
FINNIFTY02JAN2422000PE.NFO,02/01/2024,09:17:44,591,592,120,593.7,80,0,102760
FINNIFTY02JAN2422000PE.NFO,02/01/2024,09:17:45,591,592.5,160,594.3,80,0,102760
FINNIFTY02JAN2422000PE.NFO,02/01/2024,09:17:46,591,593,40,594.55,120,0,102760
FINNIFTY02JAN2422000PE.NFO,02/01/2024,09:17:47,591,593.2,120,594.9,40,0,102760
FINNIFTY02JAN2422000PE.NFO,02/01/2024,09:17:48,591,592.2,2520,594.35,80,0,102760
FINNIFTY02JAN2422000PE.NFO,02/01/2024,09:17:49,591,592.25,120,594.05,80,0,102760
FINNIFTY02JAN2422000PE.NFO,02/01/2024,09:17:50,591,591.45,120,593.2,40,0,102760
FINNIFTY02JAN2422000PE.NFO,02/01/2024,09:17:52,591,591.45,160,592.95,40,0,102760
FINNIFTY02JAN2422000PE.NFO,02/01/2024,09:17:53,591,590.65,760,592.8,120,0,102760
FINNIFTY02JAN2422000PE.NFO,02/01/2024,09:17:54,591,590.75,120,592.95,200,0,102760
FINNIFTY02JAN2422000PE.NFO,02/01/2024,09:17:55,591,592.45,120,594.05,200,0,102760
FINNIFTY02JAN2422000PE.NFO,02/01/2024,09:17:56,591,592.15,80,593.7,80,0,102760
FINNIFTY02JAN2422000PE.NFO,02/01/2024,09:17:57,591,591.6,120,593,40,0,102760
FINNIFTY02JAN2422000PE.NFO,02/01/2024,09:17:58,591,591.4,120,592.75,40,0,102760
FINNIFTY02JAN2422000PE.NFO,02/01/2024,09:17:59,591,591.75,160,593.25,80,0,102760
FINNIFTY02JAN2422000PE.NFO,02/01/2024,09:18:00,591,592.15,120,593.9,80,0,102760
FINNIFTY02JAN2422000PE.NFO,02/01/2024,09:18:01,591,591.9,200,593.35,80,0,102760
FINNIFTY02JAN2422000PE.NFO,02/01/2024,09:18:02,591,589.7,2280,592.05,40,0,102760
FINNIFTY02JAN2422000PE.NFO,02/01/2024,09:18:03,591,588.85,120,590.6,200,0,102760
FINNIFTY02JAN2422000PE.NFO,02/01/2024,09:18:04,591,589.2,280,590.9,40,0,102760
FINNIFTY02JAN2422000PE.NFO,02/01/2024,09:18:05,591,589.6,120,590.95,40,0,102760
FINNIFTY02JAN2422000PE.NFO,02/01/2024,09:18:06,591,588.75,120,590.85,40,0,102760
FINNIFTY02JAN2422000PE.NFO,02/01/2024,09:18:07,590.75,588.85,120,590.7,320,40,102760
FINNIFTY02JAN2422000PE.NFO,02/01/2024,09:18:07,590.75,588.85,120,590.7,320,0,102760
FINNIFTY02JAN2422000PE.NFO,02/01/2024,09:18:08,590.75,588.15,80,589.65,160,0,102720
FINNIFTY02JAN2422000PE.NFO,02/01/2024,09:18:09,590.75,588.45,120,590.35,440,0,102720
FINNIFTY02JAN2422000PE.NFO,02/01/2024,09:18:10,590.75,589.2,40,590.5,80,0,102720
FINNIFTY02JAN2422000PE.NFO,02/01/2024,09:18:11,590.75,590.75,40,592.05,40,0,102720
FINNIFTY02JAN2422000PE.NFO,02/01/2024,09:18:12,590.75,590.2,120,592,40,0,102720
FINNIFTY02JAN2422000PE.NFO,02/01/2024,09:18:13,590.75,590.55,120,592,40,0,102720
FINNIFTY02JAN2422000PE.NFO,02/01/2024,09:18:14,590.75,589.8,80,591.4,40,0,102720
FINNIFTY02JAN2422000PE.NFO,02/01/2024,09:18:15,590.75,589.7,40,591.5,160,0,102720
FINNIFTY02JAN2422000PE.NFO,02/01/2024,09:18:16,590.75,591.7,80,593.05,160,0,102720
FINNIFTY02JAN2422000PE.NFO,02/01/2024,09:18:17,590.75,591.95,40,593.25,40,0,102720
FINNIFTY02JAN2422000PE.NFO,02/01/2024,09:18:18,590.75,593.05,40,594.6,160,0,102720
FINNIFTY02JAN2422000PE.NFO,02/01/2024,09:18:19,590.75,593.75,120,595.45,200,0,102720
FINNIFTY02JAN2422000PE.NFO,02/01/2024,09:18:20,590.75,594,480,595.9,200,0,102720
FINNIFTY02JAN2422000PE.NFO,02/01/2024,09:18:21,590.75,594.8,40,596.55,80,0,102720
FINNIFTY02JAN2422000PE.NFO,02/01/2024,09:18:22,590.75,594,160,595.8,80,0,102720
FINNIFTY02JAN2422000PE.NFO,02/01/2024,09:18:23,590.75,593.05,160,594.9,80,0,102720
FINNIFTY02JAN2422000PE.NFO,02/01/2024,09:18:24,590.75,593.6,120,595.45,40,0,102720
FINNIFTY02JAN2422000PE.NFO,02/01/2024,09:18:25,590.75,594.35,120,595.85,160,0,102720
FINNIFTY02JAN2422000PE.NFO,02/01/2024,09:18:26,590.75,594.6,40,596,160,0,102720
FINNIFTY02JAN2422000PE.NFO,02/01/2024,09:18:27,590.75,593.85,280,595.65,480,0,102720
FINNIFTY02JAN2422000PE.NFO,02/01/2024,09:18:28,590.75,592.3,120,594.45,80,0,102720
FINNIFTY02JAN2422000PE.NFO,02/01/2024,09:18:29,590.75,592.45,160,593.8,160,0,102720
FINNIFTY02JAN2422000PE.NFO,02/01/2024,09:18:30,590.75,592.75,80,594.35,40,0,102720
FINNIFTY02JAN2422000PE.NFO,02/01/2024,09:18:31,590.75,593.05,160,594.4,40,0,102720
FINNIFTY02JAN2422000PE.NFO,02/01/2024,09:18:32,590.75,593.35,120,595.2,160,0,102720
FINNIFTY02JAN2422000PE.NFO,02/01/2024,09:18:33,590.75,592.95,560,595.1,120,0,102720
FINNIFTY02JAN2422000PE.NFO,02/01/2024,09:18:34,590.75,592.7,40,594.5,80,0,102720
FINNIFTY02JAN2422000PE.NFO,02/01/2024,09:18:35,590.75,593.1,120,594.55,40,0,102720
FINNIFTY02JAN2422000PE.NFO,02/01/2024,09:18:36,590.75,592.8,120,594.3,40,0,102720
FINNIFTY02JAN2422000PE.NFO,02/01/2024,09:18:37,590.75,592.15,600,593.95,80,0,102720
FINNIFTY02JAN2422000PE.NFO,02/01/2024,09:18:38,590.75,591.4,120,593.25,80,0,102720
FINNIFTY02JAN2422000PE.NFO,02/01/2024,09:18:39,590.75,591.3,320,592.75,160,0,102720
FINNIFTY02JAN2422000PE.NFO,02/01/2024,09:18:40,590.75,590.85,640,592.65,80,0,102720
FINNIFTY02JAN2422000PE.NFO,02/01/2024,09:18:41,590.75,591.55,40,593.6,80,0,102720
FINNIFTY02JAN2422000PE.NFO,02/01/2024,09:18:42,590.75,591.1,120,593.1,200,0,102720
FINNIFTY02JAN2422000PE.NFO,02/01/2024,09:18:43,590.75,591.1,120,592.8,200,0,102720
FINNIFTY02JAN2422000PE.NFO,02/01/2024,09:18:44,590.75,588.8,120,591.1,200,0,102720
FINNIFTY02JAN2422000PE.NFO,02/01/2024,09:18:45,590.75,589.45,120,590.85,40,0,102720
FINNIFTY02JAN2422000PE.NFO,02/01/2024,09:18:46,590.75,589.6,360,591.45,40,0,102720
FINNIFTY02JAN2422000PE.NFO,02/01/2024,09:18:47,590.75,589.8,120,591.4,40,0,102720
FINNIFTY02JAN2422000PE.NFO,02/01/2024,09:18:48,590.75,589.2,120,591.1,160,0,102720
FINNIFTY02JAN2422000PE.NFO,02/01/2024,09:18:49,590.75,589.35,480,591.4,920,0,102720
FINNIFTY02JAN2422000PE.NFO,02/01/2024,09:18:50,590.75,588.9,40,590.5,40,0,102720
FINNIFTY02JAN2422000PE.NFO,02/01/2024,09:18:51,590.75,588.2,440,590.1,80,0,102720
FINNIFTY02JAN2422000PE.NFO,02/01/2024,09:18:52,590.75,587.65,240,589.3,40,0,102720
FINNIFTY02JAN2422000PE.NFO,02/01/2024,09:18:53,590.75,587.9,40,589.8,40,0,102720
FINNIFTY02JAN2422000PE.NFO,02/01/2024,09:18:54,590.75,588.45,40,589.85,40,0,102720
FINNIFTY02JAN2422000PE.NFO,02/01/2024,09:18:55,590.75,588.05,360,589.8,40,0,102720
FINNIFTY02JAN2422000PE.NFO,02/01/2024,09:18:56,590.75,588,40,590.45,80,0,102720
FINNIFTY02JAN2422000PE.NFO,02/01/2024,09:18:57,590.75,588.4,200,590.1,160,0,102720
FINNIFTY02JAN2422000PE.NFO,02/01/2024,09:18:58,590.75,588.3,200,590.2,80,0,102720
FINNIFTY02JAN2422000PE.NFO,02/01/2024,09:18:59,590.75,588.25,200,589.9,40,0,102720
FINNIFTY02JAN2422000PE.NFO,02/01/2024,09:19:00,590.75,587.55,120,589.7,160,0,102720
FINNIFTY02JAN2422000PE.NFO,02/01/2024,09:19:01,590.75,587.6,40,589.35,80,0,102720
FINNIFTY02JAN2422000PE.NFO,02/01/2024,09:19:02,590.75,587.45,40,589.6,80,0,102720
FINNIFTY02JAN2422000PE.NFO,02/01/2024,09:19:03,590.75,588.7,160,590.9,160,0,102720
FINNIFTY02JAN2422000PE.NFO,02/01/2024,09:19:04,590.75,588.55,120,590.2,40,0,102720
FINNIFTY02JAN2422000PE.NFO,02/01/2024,09:19:05,590.75,588.65,320,590.15,40,0,102720
FINNIFTY02JAN2422000PE.NFO,02/01/2024,09:19:06,590.75,587.55,120,589.05,40,0,102720
FINNIFTY02JAN2422000PE.NFO,02/01/2024,09:19:07,590.75,587.9,40,589.25,40,0,102720
FINNIFTY02JAN2422000PE.NFO,02/01/2024,09:19:08,590.75,587.8,40,589.1,40,0,102720
FINNIFTY02JAN2422000PE.NFO,02/01/2024,09:19:09,590.75,588.55,40,590.4,160,0,102720
FINNIFTY02JAN2422000PE.NFO,02/01/2024,09:19:10,590.75,587.5,40,589.75,80,0,102720
FINNIFTY02JAN2422000PE.NFO,02/01/2024,09:19:11,590.75,586.35,360,588.5,120,0,102720
FINNIFTY02JAN2422000PE.NFO,02/01/2024,09:19:12,590.75,584.15,1600,587.25,120,0,102720
FINNIFTY02JAN2422000PE.NFO,02/01/2024,09:19:13,590.75,584.75,1000,586.4,40,0,102720
FINNIFTY02JAN2422000PE.NFO,02/01/2024,09:19:14,590.75,585,40,586.55,40,0,102720
FINNIFTY02JAN2422000PE.NFO,02/01/2024,09:19:15,590.75,583.75,160,585.45,40,0,102720
FINNIFTY02JAN2422000PE.NFO,02/01/2024,09:19:16,590.75,583.75,120,585.6,40,0,102720
FINNIFTY02JAN2422000PE.NFO,02/01/2024,09:19:17,590.75,584.55,40,586.15,160,0,102720
FINNIFTY02JAN2422000PE.NFO,02/01/2024,09:19:18,590.75,583.35,680,585.45,80,0,102720
FINNIFTY02JAN2422000PE.NFO,02/01/2024,09:19:19,590.75,584,120,586.1,160,0,102720
FINNIFTY02JAN2422000PE.NFO,02/01/2024,09:19:20,590.75,584.1,40,586.05,200,0,102720
FINNIFTY02JAN2422000PE.NFO,02/01/2024,09:19:21,590.75,583.95,120,585.55,160,0,102720
FINNIFTY02JAN2422000PE.NFO,02/01/2024,09:19:22,590.75,585.05,120,586.7,160,0,102720
FINNIFTY02JAN2422000PE.NFO,02/01/2024,09:19:23,590.75,586.35,120,587.8,40,0,102720
FINNIFTY02JAN2422000PE.NFO,02/01/2024,09:19:24,590.75,586.95,1360,588.65,40,0,102720
FINNIFTY02JAN2422000PE.NFO,02/01/2024,09:19:25,590.75,586.75,120,588.25,40,0,102720
FINNIFTY02JAN2422000PE.NFO,02/01/2024,09:19:26,590.75,586.35,560,588.4,40,0,102720
FINNIFTY02JAN2422000PE.NFO,02/01/2024,09:19:27,590.75,586.75,360,588.8,160,0,102720
FINNIFTY02JAN2422000PE.NFO,02/01/2024,09:19:28,590.75,587,120,588.8,160,0,102720
FINNIFTY02JAN2422000PE.NFO,02/01/2024,09:19:29,590.75,586.5,120,588.65,40,0,102720
FINNIFTY02JAN2422000PE.NFO,02/01/2024,09:19:30,590.75,585.85,80,587.65,80,0,102720
FINNIFTY02JAN2422000PE.NFO,02/01/2024,09:19:31,590.75,585.65,160,587.4,40,0,102720
FINNIFTY02JAN2422000PE.NFO,02/01/2024,09:19:32,590.75,585.5,120,587.55,160,0,102720
FINNIFTY02JAN2422000PE.NFO,02/01/2024,09:19:33,590.75,585.6,120,587.2,160,0,102720
FINNIFTY02JAN2422000PE.NFO,02/01/2024,09:19:34,590.75,584.5,120,586.45,120,0,102720
FINNIFTY02JAN2422000PE.NFO,02/01/2024,09:19:35,590.75,584.2,120,585.95,80,0,102720
FINNIFTY02JAN2422000PE.NFO,02/01/2024,09:19:36,590.75,584.1,40,585.7,40,0,102720
FINNIFTY02JAN2422000PE.NFO,02/01/2024,09:19:37,590.75,584.3,320,586.15,320,0,102720
FINNIFTY02JAN2422000PE.NFO,02/01/2024,09:19:38,590.75,584.55,120,586.5,160,0,102720
FINNIFTY02JAN2422000PE.NFO,02/01/2024,09:19:39,590.75,585.45,160,587.05,160,0,102720
FINNIFTY02JAN2422000PE.NFO,02/01/2024,09:19:40,590.75,585.55,120,587.45,40,0,102720
FINNIFTY02JAN2422000PE.NFO,02/01/2024,09:19:41,590.75,584.7,160,586.55,40,0,102720
FINNIFTY02JAN2422000PE.NFO,02/01/2024,09:19:42,590.75,585.45,160,587.25,160,0,102720
FINNIFTY02JAN2422000PE.NFO,02/01/2024,09:19:43,590.75,585.55,160,587,40,0,102720
FINNIFTY02JAN2422000PE.NFO,02/01/2024,09:19:44,590.75,585.4,120,587.2,120,0,102720
FINNIFTY02JAN2422000PE.NFO,02/01/2024,09:19:45,590.75,585.65,120,587.3,40,0,102720
FINNIFTY02JAN2422000PE.NFO,02/01/2024,09:19:46,590.75,584.7,640,586.8,120,0,102720
FINNIFTY02JAN2422000PE.NFO,02/01/2024,09:19:47,590.75,583.75,2760,585.8,160,0,102720
FINNIFTY02JAN2422000PE.NFO,02/01/2024,09:19:48,590.75,584.2,800,585.55,40,0,102720
FINNIFTY02JAN2422000PE.NFO,02/01/2024,09:19:49,590.75,584.4,160,585.95,160,0,102720
FINNIFTY02JAN2422000PE.NFO,02/01/2024,09:19:50,590.75,584.05,120,585.7,40,0,102720
FINNIFTY02JAN2422000PE.NFO,02/01/2024,09:19:51,590.75,585,120,586.65,160,0,102720
FINNIFTY02JAN2422000PE.NFO,02/01/2024,09:19:52,590.75,585.7,120,587.4,160,0,102720
FINNIFTY02JAN2422000PE.NFO,02/01/2024,09:19:53,590.75,586.7,280,588.45,120,0,102720
FINNIFTY02JAN2422000PE.NFO,02/01/2024,09:19:54,590.75,586.45,320,588.4,80,0,102720
FINNIFTY02JAN2422000PE.NFO,02/01/2024,09:19:55,590.75,586.25,160,587.75,40,0,102720
FINNIFTY02JAN2422000PE.NFO,02/01/2024,09:19:56,590.75,587.15,120,589.4,80,0,102720
FINNIFTY02JAN2422000PE.NFO,02/01/2024,09:19:57,590.75,587.8,320,589.3,40,0,102720
FINNIFTY02JAN2422000PE.NFO,02/01/2024,09:19:58,590.75,588.3,320,590.05,80,0,102720
FINNIFTY02JAN2422000PE.NFO,02/01/2024,09:19:59,590.75,587.45,160,589.4,120,0,102720
FINNIFTY02JAN2422000PE.NFO,02/01/2024,09:20:00,590.75,588,120,590.15,200,0,102720
FINNIFTY02JAN2422000PE.NFO,02/01/2024,09:20:01,590.75,587.85,160,590.15,320,0,102720
FINNIFTY02JAN2422000PE.NFO,02/01/2024,09:20:02,590.75,588.25,120,590.05,40,0,102720
FINNIFTY02JAN2422000PE.NFO,02/01/2024,09:20:03,590.75,587.6,120,589.15,200,0,102720
FINNIFTY02JAN2422000PE.NFO,02/01/2024,09:20:04,590.75,585.9,40,588.35,80,0,102720
FINNIFTY02JAN2422000PE.NFO,02/01/2024,09:20:05,590.75,585.75,120,587.75,200,0,102720
FINNIFTY02JAN2422000PE.NFO,02/01/2024,09:20:06,590.75,585.65,120,587,40,0,102720
FINNIFTY02JAN2422000PE.NFO,02/01/2024,09:20:07,590.75,585.75,160,587.3,160,0,102720
FINNIFTY02JAN2422000PE.NFO,02/01/2024,09:20:08,590.75,585.9,120,587.65,80,0,102720
FINNIFTY02JAN2422000PE.NFO,02/01/2024,09:20:09,590.75,585.15,2680,586.8,40,0,102720
FINNIFTY02JAN2422000PE.NFO,02/01/2024,09:20:10,590.75,585,160,586.4,40,0,102720
FINNIFTY02JAN2422000PE.NFO,02/01/2024,09:20:11,590.75,584.55,160,585.95,40,0,102720
FINNIFTY02JAN2422000PE.NFO,02/01/2024,09:20:12,590.75,584.4,160,585.95,40,0,102720
FINNIFTY02JAN2422000PE.NFO,02/01/2024,09:20:13,590.75,584.2,120,586,200,0,102720
FINNIFTY02JAN2422000PE.NFO,02/01/2024,09:20:14,590.75,584.7,120,586.5,40,0,102720
FINNIFTY02JAN2422000PE.NFO,02/01/2024,09:20:15,590.75,584.35,120,585.7,40,0,102720
FINNIFTY02JAN2422000PE.NFO,02/01/2024,09:20:16,590.75,586.05,120,588.1,160,0,102720
FINNIFTY02JAN2422000PE.NFO,02/01/2024,09:20:17,590.75,585.85,120,587.65,160,0,102720
FINNIFTY02JAN2422000PE.NFO,02/01/2024,09:20:18,590.75,586.5,120,587.9,160,0,102720
FINNIFTY02JAN2422000PE.NFO,02/01/2024,09:20:19,590.75,586.05,120,587.7,40,0,102720
FINNIFTY02JAN2422000PE.NFO,02/01/2024,09:20:20,590.75,585.2,120,587.25,40,0,102720
FINNIFTY02JAN2422000PE.NFO,02/01/2024,09:20:21,590.75,585.55,120,587.2,40,0,102720
FINNIFTY02JAN2422000PE.NFO,02/01/2024,09:20:22,590.75,585.55,160,587.15,40,0,102720
FINNIFTY02JAN2422000PE.NFO,02/01/2024,09:20:23,590.75,586.1,240,587.45,40,0,102720
FINNIFTY02JAN2422000PE.NFO,02/01/2024,09:20:24,590.75,587.1,120,588.55,160,0,102720
FINNIFTY02JAN2422000PE.NFO,02/01/2024,09:20:25,590.75,586.35,400,588.3,40,0,102720
FINNIFTY02JAN2422000PE.NFO,02/01/2024,09:20:26,590.75,586.85,240,588.4,40,0,102720
FINNIFTY02JAN2422000PE.NFO,02/01/2024,09:20:27,590.75,587.55,40,588.9,40,0,102720
FINNIFTY02JAN2422000PE.NFO,02/01/2024,09:20:28,590.75,588.1,120,589.5,40,0,102720
FINNIFTY02JAN2422000PE.NFO,02/01/2024,09:20:29,590.75,586.75,120,588.85,40,0,102720
FINNIFTY02JAN2422000PE.NFO,02/01/2024,09:20:31,590.75,586.95,40,588.7,40,0,102720
FINNIFTY02JAN2422000PE.NFO,02/01/2024,09:20:31,590.75,587.2,40,588.5,160,0,102720
FINNIFTY02JAN2422000PE.NFO,02/01/2024,09:20:32,590.75,587.45,120,589,40,0,102720
FINNIFTY02JAN2422000PE.NFO,02/01/2024,09:20:33,590.75,588.15,120,589.7,40,0,102720
FINNIFTY02JAN2422000PE.NFO,02/01/2024,09:20:34,590.75,588.25,120,590.05,120,0,102720
FINNIFTY02JAN2422000PE.NFO,02/01/2024,09:20:35,590.75,587.8,1720,589.9,40,0,102720
FINNIFTY02JAN2422000PE.NFO,02/01/2024,09:20:37,590.75,588.65,40,590.1,160,0,102720
FINNIFTY02JAN2422000PE.NFO,02/01/2024,09:20:38,590.75,588.65,40,590.15,40,0,102720
FINNIFTY02JAN2422000PE.NFO,02/01/2024,09:20:38,590.75,588.5,120,590.15,40,0,102720
FINNIFTY02JAN2422000PE.NFO,02/01/2024,09:20:39,590.75,588.65,40,589.95,40,0,102720
FINNIFTY02JAN2422000PE.NFO,02/01/2024,09:20:40,590.75,588,1200,589.8,40,0,102720
FINNIFTY02JAN2422000PE.NFO,02/01/2024,09:20:41,590.75,586.8,440,588.45,120,0,102720
FINNIFTY02JAN2422000PE.NFO,02/01/2024,09:20:43,590.75,587.25,240,588.75,160,0,102720
FINNIFTY02JAN2422000PE.NFO,02/01/2024,09:20:44,590.75,586.8,40,588.75,400,0,102720
FINNIFTY02JAN2422000PE.NFO,02/01/2024,09:20:44,590.75,587,120,588.75,120,0,102720
FINNIFTY02JAN2422000PE.NFO,02/01/2024,09:20:45,590.75,585.75,120,587.75,520,0,102720
FINNIFTY02JAN2422000PE.NFO,02/01/2024,09:20:46,590.75,585.45,240,587.05,40,0,102720
FINNIFTY02JAN2422000PE.NFO,02/01/2024,09:20:47,590.75,585.1,40,586.8,40,0,102720
FINNIFTY02JAN2422000PE.NFO,02/01/2024,09:20:48,590.75,585.15,120,586.85,40,0,102720
FINNIFTY02JAN2422000PE.NFO,02/01/2024,09:20:49,590.75,585.1,120,586.6,40,0,102720
FINNIFTY02JAN2422000PE.NFO,02/01/2024,09:20:50,590.75,584.35,240,585.85,40,0,102720
FINNIFTY02JAN2422000PE.NFO,02/01/2024,09:20:51,590.75,583.9,120,585.55,80,0,102720
FINNIFTY02JAN2422000PE.NFO,02/01/2024,09:20:52,590.75,584.1,120,585.55,40,0,102720
FINNIFTY02JAN2422000PE.NFO,02/01/2024,09:20:53,590.75,584.1,120,585.5,40,0,102720
FINNIFTY02JAN2422000PE.NFO,02/01/2024,09:20:55,590.75,585.45,40,587.2,160,0,102720
FINNIFTY02JAN2422000PE.NFO,02/01/2024,09:20:55,590.75,585.4,40,586.7,160,0,102720
FINNIFTY02JAN2422000PE.NFO,02/01/2024,09:20:56,590.75,584.35,120,586.3,120,0,102720
FINNIFTY02JAN2422000PE.NFO,02/01/2024,09:20:57,590.75,584.6,240,586,160,0,102720
FINNIFTY02JAN2422000PE.NFO,02/01/2024,09:20:58,590.75,585.5,240,586.7,40,0,102720
FINNIFTY02JAN2422000PE.NFO,02/01/2024,09:20:59,590.75,585.85,240,587.25,160,0,102720
FINNIFTY02JAN2422000PE.NFO,02/01/2024,09:21:00,590.75,584.35,120,587,120,0,102720
FINNIFTY02JAN2422000PE.NFO,02/01/2024,09:21:01,590.75,585.1,160,586.9,480,0,102720
FINNIFTY02JAN2422000PE.NFO,02/01/2024,09:21:02,590.75,585.75,160,587.25,40,0,102720
FINNIFTY02JAN2422000PE.NFO,02/01/2024,09:21:03,590.75,584.4,800,586.25,80,0,102720
FINNIFTY02JAN2422000PE.NFO,02/01/2024,09:21:04,590.75,583.15,120,585.3,560,0,102720
FINNIFTY02JAN2422000PE.NFO,02/01/2024,09:21:05,590.75,581.15,120,583.05,120,0,102720
FINNIFTY02JAN2422000PE.NFO,02/01/2024,09:21:06,590.75,572.15,200,580.45,80,0,102720
FINNIFTY02JAN2422000PE.NFO,02/01/2024,09:21:07,590.75,578.2,120,579.9,40,0,102720
FINNIFTY02JAN2422000PE.NFO,02/01/2024,09:21:08,590.75,577.35,120,580.15,80,0,102720
FINNIFTY02JAN2422000PE.NFO,02/01/2024,09:21:09,590.75,579,40,581.05,160,0,102720
FINNIFTY02JAN2422000PE.NFO,02/01/2024,09:21:10,590.75,575.6,80,578.3,80,0,102720
FINNIFTY02JAN2422000PE.NFO,02/01/2024,09:21:11,590.75,575.05,120,577.5,80,0,102720
FINNIFTY02JAN2422000PE.NFO,02/01/2024,09:21:12,590.75,576.75,120,578.45,40,0,102720
FINNIFTY02JAN2422000PE.NFO,02/01/2024,09:21:13,590.75,577.25,40,578.85,160,0,102720
FINNIFTY02JAN2422000PE.NFO,02/01/2024,09:21:14,590.75,577.7,120,579.65,40,0,102720
FINNIFTY02JAN2422000PE.NFO,02/01/2024,09:21:15,590.75,578.6,120,580.2,40,0,102720
FINNIFTY02JAN2422000PE.NFO,02/01/2024,09:21:16,590.75,579.15,120,581.25,40,0,102720
FINNIFTY02JAN2422000PE.NFO,02/01/2024,09:21:17,590.75,578.5,1760,580.7,120,0,102720
FINNIFTY02JAN2422000PE.NFO,02/01/2024,09:21:18,590.75,578.35,120,580.1,40,0,102720
FINNIFTY02JAN2422000PE.NFO,02/01/2024,09:21:19,590.75,578.45,120,580.1,40,0,102720
FINNIFTY02JAN2422000PE.NFO,02/01/2024,09:21:20,590.75,578.65,120,580.35,40,0,102720
FINNIFTY02JAN2422000PE.NFO,02/01/2024,09:21:21,590.75,578.15,320,580.2,40,0,102720
FINNIFTY02JAN2422000PE.NFO,02/01/2024,09:21:22,590.75,577.2,40,579.4,360,0,102720
FINNIFTY02JAN2422000PE.NFO,02/01/2024,09:21:23,590.75,577.55,120,579.35,40,0,102720
FINNIFTY02JAN2422000PE.NFO,02/01/2024,09:21:24,590.75,577.1,120,578.75,40,0,102720
FINNIFTY02JAN2422000PE.NFO,02/01/2024,09:21:25,590.75,575.25,40,577.45,80,0,102720
FINNIFTY02JAN2422000PE.NFO,02/01/2024,09:21:26,590.75,574.85,240,576.7,40,0,102720
FINNIFTY02JAN2422000PE.NFO,02/01/2024,09:21:27,590.75,571.65,240,574.1,80,0,102720
FINNIFTY02JAN2422000PE.NFO,02/01/2024,09:21:28,590.75,571.25,160,573.5,80,0,102720
FINNIFTY02JAN2422000PE.NFO,02/01/2024,09:21:29,590.75,572.6,40,574.6,160,0,102720
FINNIFTY02JAN2422000PE.NFO,02/01/2024,09:21:30,590.75,572.7,120,574.8,80,0,102720
FINNIFTY02JAN2422000PE.NFO,02/01/2024,09:21:31,590.75,572.4,120,574.05,40,0,102720
FINNIFTY02JAN2422000PE.NFO,02/01/2024,09:21:32,590.75,571.2,80,573.6,200,0,102720
FINNIFTY02JAN2422000PE.NFO,02/01/2024,09:21:33,590.75,570.4,40,572.7,120,0,102720
FINNIFTY02JAN2422000PE.NFO,02/01/2024,09:21:34,590.75,570.65,640,572.45,40,0,102720
FINNIFTY02JAN2422000PE.NFO,02/01/2024,09:21:35,590.75,572.1,120,574.4,80,0,102720
FINNIFTY02JAN2422000PE.NFO,02/01/2024,09:21:36,590.75,573.95,120,575.3,40,0,102720
FINNIFTY02JAN2422000PE.NFO,02/01/2024,09:21:37,590.75,573.2,40,575.6,80,0,102720
FINNIFTY02JAN2422000PE.NFO,02/01/2024,09:21:38,590.75,573.2,120,575.15,200,0,102720
FINNIFTY02JAN2422000PE.NFO,02/01/2024,09:21:39,590.75,574.2,120,575.75,40,0,102720
FINNIFTY02JAN2422000PE.NFO,02/01/2024,09:21:40,590.75,573.7,640,575.45,40,0,102720
FINNIFTY02JAN2422000PE.NFO,02/01/2024,09:21:41,590.75,574.1,40,575.45,40,0,102720
FINNIFTY02JAN2422000PE.NFO,02/01/2024,09:21:42,590.75,575,120,576.85,40,0,102720
FINNIFTY02JAN2422000PE.NFO,02/01/2024,09:21:43,590.75,574.7,40,576.6,40,0,102720
FINNIFTY02JAN2422000PE.NFO,02/01/2024,09:21:44,590.75,575.05,120,576.5,40,0,102720
FINNIFTY02JAN2422000PE.NFO,02/01/2024,09:21:45,590.75,575.05,120,576.45,40,0,102720
FINNIFTY02JAN2422000PE.NFO,02/01/2024,09:21:46,590.75,575.3,240,576.45,40,0,102720
FINNIFTY02JAN2422000PE.NFO,02/01/2024,09:21:47,590.75,575.35,120,576.8,40,0,102720
FINNIFTY02JAN2422000PE.NFO,02/01/2024,09:21:48,590.75,575.5,40,576.65,40,0,102720
FINNIFTY02JAN2422000PE.NFO,02/01/2024,09:21:49,590.75,574.75,1440,575.95,160,0,102720
FINNIFTY02JAN2422000PE.NFO,02/01/2024,09:21:51,590.75,575.45,120,576.65,160,0,102720
FINNIFTY02JAN2422000PE.NFO,02/01/2024,09:21:52,590.75,574.5,3600,576.5,80,0,102720
FINNIFTY02JAN2422000PE.NFO,02/01/2024,09:21:53,590.75,575.35,40,576.4,160,0,102720
FINNIFTY02JAN2422000PE.NFO,02/01/2024,09:21:53,590.75,575.35,40,576.55,160,0,102720
FINNIFTY02JAN2422000PE.NFO,02/01/2024,09:21:54,590.75,575.15,760,576.4,200,0,102720
FINNIFTY02JAN2422000PE.NFO,02/01/2024,09:21:55,590.75,574.55,120,576.2,40,0,102720
FINNIFTY02JAN2422000PE.NFO,02/01/2024,09:21:56,590.75,574.05,120,575.65,40,0,102720
FINNIFTY02JAN2422000PE.NFO,02/01/2024,09:21:57,590.75,573.25,120,575.1,80,0,102720
FINNIFTY02JAN2422000PE.NFO,02/01/2024,09:21:58,590.75,573.3,120,574.65,40,0,102720
FINNIFTY02JAN2422000PE.NFO,02/01/2024,09:21:59,590.75,572.05,120,574.1,40,0,102720
FINNIFTY02JAN2422000PE.NFO,02/01/2024,09:22:00,590.75,571.75,520,573.7,80,0,102720
FINNIFTY02JAN2422000PE.NFO,02/01/2024,09:22:01,590.75,573.75,120,575.05,160,0,102720
FINNIFTY02JAN2422000PE.NFO,02/01/2024,09:22:02,590.75,573.7,120,575,40,0,102720
FINNIFTY02JAN2422000PE.NFO,02/01/2024,09:22:03,590.75,572.85,40,574.85,40,0,102720
FINNIFTY02JAN2422000PE.NFO,02/01/2024,09:22:04,590.75,573.65,360,575.2,40,0,102720
FINNIFTY02JAN2422000PE.NFO,02/01/2024,09:22:05,590.75,574.15,160,575.4,40,0,102720
FINNIFTY02JAN2422000PE.NFO,02/01/2024,09:22:06,590.75,574.3,120,575.55,40,0,102720
FINNIFTY02JAN2422000PE.NFO,02/01/2024,09:22:07,590.75,574.9,120,576.05,40,0,102720
FINNIFTY02JAN2422000PE.NFO,02/01/2024,09:22:08,590.75,575.15,120,576.25,40,0,102720
FINNIFTY02JAN2422000PE.NFO,02/01/2024,09:22:10,590.75,575,120,576.25,40,0,102720
FINNIFTY02JAN2422000PE.NFO,02/01/2024,09:22:11,590.75,574.9,120,575.95,160,0,102720
FINNIFTY02JAN2422000PE.NFO,02/01/2024,09:22:11,590.75,574.4,960,576.05,40,0,102720
FINNIFTY02JAN2422000PE.NFO,02/01/2024,09:22:12,590.75,575.15,360,576.35,160,0,102720
FINNIFTY02JAN2422000PE.NFO,02/01/2024,09:22:13,590.75,574.2,120,575.5,40,0,102720
FINNIFTY02JAN2422000PE.NFO,02/01/2024,09:22:15,590.75,574.95,40,576.05,40,0,102720
FINNIFTY02JAN2422000PE.NFO,02/01/2024,09:22:16,590.75,575.8,240,578,160,0,102720
FINNIFTY02JAN2422000PE.NFO,02/01/2024,09:22:17,590.75,576.65,40,578.2,40,0,102720
FINNIFTY02JAN2422000PE.NFO,02/01/2024,09:22:17,590.75,576.95,240,578.2,40,0,102720
FINNIFTY02JAN2422000PE.NFO,02/01/2024,09:22:18,590.75,576.8,120,578.05,40,0,102720
FINNIFTY02JAN2422000PE.NFO,02/01/2024,09:22:19,590.75,576.3,1400,577.45,40,0,102720
FINNIFTY02JAN2422000PE.NFO,02/01/2024,09:22:20,590.75,576.65,240,577.8,40,0,102720
FINNIFTY02JAN2422000PE.NFO,02/01/2024,09:22:21,590.75,576.7,240,578.15,40,0,102720
FINNIFTY02JAN2422000PE.NFO,02/01/2024,09:22:22,590.75,576.8,120,578.3,40,0,102720
FINNIFTY02JAN2422000PE.NFO,02/01/2024,09:22:24,590.75,577.85,40,579.25,40,0,102720
FINNIFTY02JAN2422000PE.NFO,02/01/2024,09:22:25,590.75,577.8,40,579.2,160,0,102720
FINNIFTY02JAN2422000PE.NFO,02/01/2024,09:22:25,590.75,578,40,579.3,40,0,102720
FINNIFTY02JAN2422000PE.NFO,02/01/2024,09:22:26,590.75,578.45,120,579.95,160,0,102720
FINNIFTY02JAN2422000PE.NFO,02/01/2024,09:22:27,590.75,579.2,80,580.95,160,0,102720
FINNIFTY02JAN2422000PE.NFO,02/01/2024,09:22:28,590.75,580.7,120,582.25,160,0,102720
FINNIFTY02JAN2422000PE.NFO,02/01/2024,09:22:29,590.75,580.3,240,581.85,40,0,102720
FINNIFTY02JAN2422000PE.NFO,02/01/2024,09:22:31,590.75,579.65,120,580.8,160,0,102720
FINNIFTY02JAN2422000PE.NFO,02/01/2024,09:22:32,590.75,579.85,40,581.3,80,0,102720
FINNIFTY02JAN2422000PE.NFO,02/01/2024,09:22:33,590.75,579.85,40,581.05,40,0,102720
FINNIFTY02JAN2422000PE.NFO,02/01/2024,09:22:34,590.75,580.95,240,582.25,40,0,102720
FINNIFTY02JAN2422000PE.NFO,02/01/2024,09:22:35,590.75,581.75,200,583.6,160,0,102720
FINNIFTY02JAN2422000PE.NFO,02/01/2024,09:22:36,590.75,582.5,120,583.55,160,0,102720
FINNIFTY02JAN2422000PE.NFO,02/01/2024,09:22:37,590.75,581.85,240,583.6,80,0,102720
FINNIFTY02JAN2422000PE.NFO,02/01/2024,09:22:38,590.75,581.65,160,583,160,0,102720
FINNIFTY02JAN2422000PE.NFO,02/01/2024,09:22:39,590.75,581.55,160,582.75,160,0,102720
FINNIFTY02JAN2422000PE.NFO,02/01/2024,09:22:40,590.75,580.75,160,582.7,80,0,102720
FINNIFTY02JAN2422000PE.NFO,02/01/2024,09:22:40,590.75,580.9,120,582.8,240,0,102720
FINNIFTY02JAN2422000PE.NFO,02/01/2024,09:22:41,590.75,581.75,480,582.95,160,0,102720
FINNIFTY02JAN2422000PE.NFO,02/01/2024,09:22:42,590.75,581.9,200,583.15,40,0,102720
FINNIFTY02JAN2422000PE.NFO,02/01/2024,09:22:43,590.75,582.25,160,583.5,160,0,102720
FINNIFTY02JAN2422000PE.NFO,02/01/2024,09:22:44,590.75,581.4,640,583.35,360,0,102720
FINNIFTY02JAN2422000PE.NFO,02/01/2024,09:22:45,590.75,581.85,120,583.05,160,0,102720
FINNIFTY02JAN2422000PE.NFO,02/01/2024,09:22:46,590.75,580.4,120,582.2,320,0,102720
FINNIFTY02JAN2422000PE.NFO,02/01/2024,09:22:47,590.75,580.15,160,581.8,40,0,102720
FINNIFTY02JAN2422000PE.NFO,02/01/2024,09:22:48,590.75,580.75,360,582.25,80,0,102720
FINNIFTY02JAN2422000PE.NFO,02/01/2024,09:22:49,590.75,582,240,583.35,160,0,102720
FINNIFTY02JAN2422000PE.NFO,02/01/2024,09:22:50,590.75,581.85,160,583.05,40,0,102720
FINNIFTY02JAN2422000PE.NFO,02/01/2024,09:22:51,590.75,580.2,120,582.15,200,0,102720
FINNIFTY02JAN2422000PE.NFO,02/01/2024,09:22:52,590.75,579.85,120,581.55,40,0,102720
FINNIFTY02JAN2422000PE.NFO,02/01/2024,09:22:53,590.75,579.75,40,580.8,40,0,102720
FINNIFTY02JAN2422000PE.NFO,02/01/2024,09:22:54,590.75,579.8,40,580.95,40,0,102720
FINNIFTY02JAN2422000PE.NFO,02/01/2024,09:22:55,590.75,580.25,160,581.5,160,0,102720
FINNIFTY02JAN2422000PE.NFO,02/01/2024,09:22:56,590.75,580.15,120,581.4,40,0,102720
FINNIFTY02JAN2422000PE.NFO,02/01/2024,09:22:57,590.75,579.7,120,580.75,160,0,102720
FINNIFTY02JAN2422000PE.NFO,02/01/2024,09:22:58,590.75,578.6,120,579.9,160,0,102720
FINNIFTY02JAN2422000PE.NFO,02/01/2024,09:22:59,590.75,578.55,120,579.85,40,0,102720
FINNIFTY02JAN2422000PE.NFO,02/01/2024,09:23:00,590.75,579.45,40,581.05,160,0,102720
FINNIFTY02JAN2422000PE.NFO,02/01/2024,09:23:01,590.75,579.45,40,580.95,40,0,102720
FINNIFTY02JAN2422000PE.NFO,02/01/2024,09:23:02,590.75,579.65,160,580.75,40,0,102720
FINNIFTY02JAN2422000PE.NFO,02/01/2024,09:23:03,590.75,579.15,120,580.8,80,0,102720
FINNIFTY02JAN2422000PE.NFO,02/01/2024,09:23:04,590.75,579.55,360,581,40,0,102720
FINNIFTY02JAN2422000PE.NFO,02/01/2024,09:23:05,590.75,578.55,160,579.6,40,0,102720
FINNIFTY02JAN2422000PE.NFO,02/01/2024,09:23:06,590.75,577.85,120,578.9,160,0,102720
FINNIFTY02JAN2422000PE.NFO,02/01/2024,09:23:07,590.75,575.4,120,577.5,160,0,102720
FINNIFTY02JAN2422000PE.NFO,02/01/2024,09:23:08,590.75,575.35,120,577.1,400,0,102720
FINNIFTY02JAN2422000PE.NFO,02/01/2024,09:23:09,590.75,575.3,120,577.35,320,0,102720
FINNIFTY02JAN2422000PE.NFO,02/01/2024,09:23:10,590.75,575.6,40,576.85,40,0,102720
FINNIFTY02JAN2422000PE.NFO,02/01/2024,09:23:11,590.75,576.7,360,577.9,160,0,102720
FINNIFTY02JAN2422000PE.NFO,02/01/2024,09:23:12,590.75,577.15,360,578.45,160,0,102720
FINNIFTY02JAN2422000PE.NFO,02/01/2024,09:23:13,590.75,576.15,120,577.45,40,0,102720
FINNIFTY02JAN2422000PE.NFO,02/01/2024,09:23:14,590.75,575.75,320,577.15,40,0,102720
FINNIFTY02JAN2422000PE.NFO,02/01/2024,09:23:15,590.75,575.9,240,577.05,40,0,102720
FINNIFTY02JAN2422000PE.NFO,02/01/2024,09:23:16,590.75,575.5,480,576.75,40,0,102720
FINNIFTY02JAN2422000PE.NFO,02/01/2024,09:23:17,590.75,573.75,440,575.55,120,0,102720
FINNIFTY02JAN2422000PE.NFO,02/01/2024,09:23:18,574.6,575.5,40,577.35,200,40,102760
FINNIFTY02JAN2422000PE.NFO,02/01/2024,09:23:18,574.6,575.5,40,577.35,200,0,102760
FINNIFTY02JAN2422000PE.NFO,02/01/2024,09:23:19,574.6,575.55,40,576.75,160,0,102760
FINNIFTY02JAN2422000PE.NFO,02/01/2024,09:23:20,574.6,575.25,40,576.45,160,0,102760
FINNIFTY02JAN2422000PE.NFO,02/01/2024,09:23:21,574.6,575.85,120,577.5,40,0,102760
FINNIFTY02JAN2422000PE.NFO,02/01/2024,09:23:22,574.6,575.7,40,576.75,40,0,102760
FINNIFTY02JAN2422000PE.NFO,02/01/2024,09:23:23,574.6,575.75,40,576.65,40,0,102760
FINNIFTY02JAN2422000PE.NFO,02/01/2024,09:23:24,574.6,575.5,40,576.55,160,0,102760
FINNIFTY02JAN2422000PE.NFO,02/01/2024,09:23:25,574.6,575.55,200,576.75,40,0,102760
FINNIFTY02JAN2422000PE.NFO,02/01/2024,09:23:26,574.6,576.75,40,577.75,160,0,102760
FINNIFTY02JAN2422000PE.NFO,02/01/2024,09:23:27,574.6,576.15,240,577.6,40,0,102760
FINNIFTY02JAN2422000PE.NFO,02/01/2024,09:23:28,574.6,576.8,120,577.9,40,0,102760
FINNIFTY02JAN2422000PE.NFO,02/01/2024,09:23:29,574.6,578.25,120,579.35,40,0,102760
FINNIFTY02JAN2422000PE.NFO,02/01/2024,09:23:31,574.6,577.75,840,579.4,40,0,102760
FINNIFTY02JAN2422000PE.NFO,02/01/2024,09:23:32,574.6,576.75,240,578.55,40,0,102760
FINNIFTY02JAN2422000PE.NFO,02/01/2024,09:23:33,574.6,575.45,3480,577.55,320,0,102760
FINNIFTY02JAN2422000PE.NFO,02/01/2024,09:23:34,574.6,576,240,577.1,40,0,102760
FINNIFTY02JAN2422000PE.NFO,02/01/2024,09:23:35,574.6,576.25,120,577.4,160,0,102760
FINNIFTY02JAN2422000PE.NFO,02/01/2024,09:23:36,574.6,576.25,40,577.4,40,0,102760
FINNIFTY02JAN2422000PE.NFO,02/01/2024,09:23:37,574.6,575.35,40,577.05,640,0,102760
FINNIFTY02JAN2422000PE.NFO,02/01/2024,09:23:37,574.6,575.3,160,577,200,0,102760
FINNIFTY02JAN2422000PE.NFO,02/01/2024,09:23:38,574.6,574.9,80,576.4,160,0,102760
FINNIFTY02JAN2422000PE.NFO,02/01/2024,09:23:39,574.6,575.25,40,576.5,40,0,102760
FINNIFTY02JAN2422000PE.NFO,02/01/2024,09:23:40,574.6,575.25,160,576.35,40,0,102760
FINNIFTY02JAN2422000PE.NFO,02/01/2024,09:23:41,574.6,576.05,240,577.1,40,0,102760
FINNIFTY02JAN2422000PE.NFO,02/01/2024,09:23:42,574.6,576.75,240,577.7,40,0,102760
FINNIFTY02JAN2422000PE.NFO,02/01/2024,09:23:43,574.6,576.5,120,577.35,160,0,102760
FINNIFTY02JAN2422000PE.NFO,02/01/2024,09:23:44,574.6,576.25,40,577.1,40,0,102760
FINNIFTY02JAN2422000PE.NFO,02/01/2024,09:23:45,574.6,576.3,120,577.2,40,0,102760
FINNIFTY02JAN2422000PE.NFO,02/01/2024,09:23:47,574.6,576.95,40,578.35,40,0,102760
FINNIFTY02JAN2422000PE.NFO,02/01/2024,09:23:48,574.6,577.6,120,578.95,40,0,102760
FINNIFTY02JAN2422000PE.NFO,02/01/2024,09:23:48,574.6,577.8,320,578.95,40,0,102760
FINNIFTY02JAN2422000PE.NFO,02/01/2024,09:23:49,574.6,577.85,120,579,40,0,102760
FINNIFTY02JAN2422000PE.NFO,02/01/2024,09:23:50,574.6,578,40,578.95,40,0,102760
FINNIFTY02JAN2422000PE.NFO,02/01/2024,09:23:52,574.6,577.95,120,579,40,0,102760
FINNIFTY02JAN2422000PE.NFO,02/01/2024,09:23:53,574.6,576.75,160,578.5,40,0,102760
FINNIFTY02JAN2422000PE.NFO,02/01/2024,09:23:53,574.6,577,120,578.35,160,0,102760
FINNIFTY02JAN2422000PE.NFO,02/01/2024,09:23:54,574.6,577.85,120,579.1,40,0,102760
FINNIFTY02JAN2422000PE.NFO,02/01/2024,09:23:55,574.6,578.3,240,579.3,40,0,102760
FINNIFTY02JAN2422000PE.NFO,02/01/2024,09:23:56,574.6,578.4,480,579.85,40,0,102760
FINNIFTY02JAN2422000PE.NFO,02/01/2024,09:23:57,574.6,578.7,160,579.75,40,0,102760
FINNIFTY02JAN2422000PE.NFO,02/01/2024,09:23:59,574.6,579.55,320,580.65,160,0,102760
FINNIFTY02JAN2422000PE.NFO,02/01/2024,09:24:00,574.6,579.8,480,581.9,600,0,102760
FINNIFTY02JAN2422000PE.NFO,02/01/2024,09:24:01,574.6,580,240,581.15,160,0,102760
FINNIFTY02JAN2422000PE.NFO,02/01/2024,09:24:02,574.6,580.8,240,581.9,40,0,102760
FINNIFTY02JAN2422000PE.NFO,02/01/2024,09:24:03,574.6,581.1,120,582.35,40,0,102760
FINNIFTY02JAN2422000PE.NFO,02/01/2024,09:24:04,574.6,580.55,120,582,40,0,102760
FINNIFTY02JAN2422000PE.NFO,02/01/2024,09:24:05,574.6,580,120,581.05,40,0,102760
FINNIFTY02JAN2422000PE.NFO,02/01/2024,09:24:05,574.6,579.35,1200,581,40,0,102760
FINNIFTY02JAN2422000PE.NFO,02/01/2024,09:24:06,574.6,578.75,480,580,160,0,102760
FINNIFTY02JAN2422000PE.NFO,02/01/2024,09:24:08,574.6,579.45,120,580.6,160,0,102760
FINNIFTY02JAN2422000PE.NFO,02/01/2024,09:24:09,574.6,579.3,160,580.3,40,0,102760
FINNIFTY02JAN2422000PE.NFO,02/01/2024,09:24:10,574.6,579.2,120,580.25,40,0,102760
FINNIFTY02JAN2422000PE.NFO,02/01/2024,09:24:11,574.6,578.4,400,579.55,80,0,102760
FINNIFTY02JAN2422000PE.NFO,02/01/2024,09:24:12,574.6,577.95,120,579.15,40,0,102760
FINNIFTY02JAN2422000PE.NFO,02/01/2024,09:24:13,574.6,577.75,120,578.9,40,0,102760
FINNIFTY02JAN2422000PE.NFO,02/01/2024,09:24:15,574.6,577.75,120,578.65,40,0,102760
FINNIFTY02JAN2422000PE.NFO,02/01/2024,09:24:16,574.6,578.65,360,579.75,40,0,102760
FINNIFTY02JAN2422000PE.NFO,02/01/2024,09:24:17,574.6,579.15,120,580.35,40,0,102760
FINNIFTY02JAN2422000PE.NFO,02/01/2024,09:24:18,574.6,579.4,320,581.1,40,0,102760
FINNIFTY02JAN2422000PE.NFO,02/01/2024,09:24:19,574.6,579.5,360,580.7,40,0,102760
FINNIFTY02JAN2422000PE.NFO,02/01/2024,09:24:20,574.6,580.3,160,581.7,160,0,102760
FINNIFTY02JAN2422000PE.NFO,02/01/2024,09:24:21,574.6,580.85,480,581.95,40,0,102760
FINNIFTY02JAN2422000PE.NFO,02/01/2024,09:24:22,574.6,581.2,240,582.35,160,0,102760
FINNIFTY02JAN2422000PE.NFO,02/01/2024,09:24:23,574.6,581.65,480,583.1,40,0,102760
FINNIFTY02JAN2422000PE.NFO,02/01/2024,09:24:24,574.6,581.8,240,583.3,200,0,102760
FINNIFTY02JAN2422000PE.NFO,02/01/2024,09:24:25,574.6,581.6,1600,583.15,40,0,102760
FINNIFTY02JAN2422000PE.NFO,02/01/2024,09:24:26,574.6,581.6,360,583.05,40,0,102760
FINNIFTY02JAN2422000PE.NFO,02/01/2024,09:24:27,574.6,581.9,360,583.2,40,0,102760
FINNIFTY02JAN2422000PE.NFO,02/01/2024,09:24:27,574.6,582.05,360,583.2,40,0,102760
FINNIFTY02JAN2422000PE.NFO,02/01/2024,09:24:28,574.6,581.8,120,583,160,0,102760
FINNIFTY02JAN2422000PE.NFO,02/01/2024,09:24:29,574.6,581.55,480,582.95,40,0,102760
FINNIFTY02JAN2422000PE.NFO,02/01/2024,09:24:31,574.6,581.7,480,583.1,40,0,102760
FINNIFTY02JAN2422000PE.NFO,02/01/2024,09:24:32,574.6,581.7,120,582.75,40,0,102760
FINNIFTY02JAN2422000PE.NFO,02/01/2024,09:24:33,574.6,581.75,40,583.15,160,0,102760
FINNIFTY02JAN2422000PE.NFO,02/01/2024,09:24:34,574.6,582.15,240,583.4,40,0,102760
FINNIFTY02JAN2422000PE.NFO,02/01/2024,09:24:34,574.6,582.35,120,583.55,40,0,102760
FINNIFTY02JAN2422000PE.NFO,02/01/2024,09:24:35,574.6,582,520,583.4,40,0,102760
FINNIFTY02JAN2422000PE.NFO,02/01/2024,09:24:37,574.6,580.15,680,581.5,160,0,102760
FINNIFTY02JAN2422000PE.NFO,02/01/2024,09:24:38,574.6,579.6,320,580.95,160,0,102760
FINNIFTY02JAN2422000PE.NFO,02/01/2024,09:24:39,574.6,579.9,360,581.15,160,0,102760
FINNIFTY02JAN2422000PE.NFO,02/01/2024,09:24:39,574.6,580.05,640,581.25,40,0,102760
FINNIFTY02JAN2422000PE.NFO,02/01/2024,09:24:40,574.6,580.35,440,581.6,40,0,102760
FINNIFTY02JAN2422000PE.NFO,02/01/2024,09:24:42,574.6,579.4,40,580.9,40,0,102760
FINNIFTY02JAN2422000PE.NFO,02/01/2024,09:24:43,574.6,579.35,640,581.05,200,0,102760
FINNIFTY02JAN2422000PE.NFO,02/01/2024,09:24:44,579.35,579.5,120,581,200,680,102760
FINNIFTY02JAN2422000PE.NFO,02/01/2024,09:24:44,579.35,579.6,120,581.05,160,0,102760
FINNIFTY02JAN2422000PE.NFO,02/01/2024,09:24:45,579.35,579.45,120,580.85,40,0,102760
FINNIFTY02JAN2422000PE.NFO,02/01/2024,09:24:46,579.35,579.25,360,580.3,40,0,102760
FINNIFTY02JAN2422000PE.NFO,02/01/2024,09:24:48,579.35,579.2,160,580.55,40,0,102760
FINNIFTY02JAN2422000PE.NFO,02/01/2024,09:24:49,579.35,578.25,120,579.65,40,0,102760
FINNIFTY02JAN2422000PE.NFO,02/01/2024,09:24:50,579.35,577.9,120,579.1,40,0,102760
FINNIFTY02JAN2422000PE.NFO,02/01/2024,09:24:50,579.35,577.9,120,579.15,160,0,102760
FINNIFTY02JAN2422000PE.NFO,02/01/2024,09:24:51,579.35,578.35,240,579.45,160,0,102760
FINNIFTY02JAN2422000PE.NFO,02/01/2024,09:24:53,579.35,579.15,120,580.55,160,0,102760
FINNIFTY02JAN2422000PE.NFO,02/01/2024,09:24:54,579.35,579,120,579.85,40,0,102760
FINNIFTY02JAN2422000PE.NFO,02/01/2024,09:24:55,579.35,580.9,40,582.45,40,0,102760
FINNIFTY02JAN2422000PE.NFO,02/01/2024,09:24:55,579.35,581,40,582.1,160,0,102760
FINNIFTY02JAN2422000PE.NFO,02/01/2024,09:24:56,579.35,581.8,240,582.7,40,0,102760
FINNIFTY02JAN2422000PE.NFO,02/01/2024,09:24:58,579.35,580.9,80,582,160,0,102760
FINNIFTY02JAN2422000PE.NFO,02/01/2024,09:24:59,579.35,581.8,120,583,40,0,102760
FINNIFTY02JAN2422000PE.NFO,02/01/2024,09:25:00,579.35,582.8,120,583.95,160,0,102760
FINNIFTY02JAN2422000PE.NFO,02/01/2024,09:25:00,579.35,582.3,40,583.9,40,0,102760
FINNIFTY02JAN2422000PE.NFO,02/01/2024,09:25:01,579.35,581.75,40,583.9,40,0,102760
FINNIFTY02JAN2422000PE.NFO,02/01/2024,09:25:03,579.35,580.8,1000,582.5,200,0,102760
FINNIFTY02JAN2422000PE.NFO,02/01/2024,09:25:04,579.35,580.85,240,582.05,40,0,102760
FINNIFTY02JAN2422000PE.NFO,02/01/2024,09:25:05,579.35,581.55,80,582.65,40,0,102760
FINNIFTY02JAN2422000PE.NFO,02/01/2024,09:25:06,579.35,581.6,40,582.8,40,0,102760
FINNIFTY02JAN2422000PE.NFO,02/01/2024,09:25:07,579.35,581.35,120,582.45,40,0,102760
FINNIFTY02JAN2422000PE.NFO,02/01/2024,09:25:08,579.35,579.7,360,581.55,120,0,102760
FINNIFTY02JAN2422000PE.NFO,02/01/2024,09:25:09,579.35,580.95,120,581.85,160,0,102760
FINNIFTY02JAN2422000PE.NFO,02/01/2024,09:25:10,579.35,581.15,160,582.75,40,0,102760
FINNIFTY02JAN2422000PE.NFO,02/01/2024,09:25:11,579.35,581.85,800,583.35,40,0,102760
FINNIFTY02JAN2422000PE.NFO,02/01/2024,09:25:12,579.35,581.7,240,583,40,0,102760
FINNIFTY02JAN2422000PE.NFO,02/01/2024,09:25:13,579.35,581.55,280,582.75,40,0,102760
FINNIFTY02JAN2422000PE.NFO,02/01/2024,09:25:14,579.35,581.95,40,582.9,160,0,102760
FINNIFTY02JAN2422000PE.NFO,02/01/2024,09:25:14,579.35,581.8,160,582.9,160,0,102760
FINNIFTY02JAN2422000PE.NFO,02/01/2024,09:25:15,579.35,582.3,120,583.35,40,0,102760
FINNIFTY02JAN2422000PE.NFO,02/01/2024,09:25:17,579.35,581.9,1000,583.15,40,0,102760
FINNIFTY02JAN2422000PE.NFO,02/01/2024,09:25:18,579.35,581.5,160,582.85,40,0,102760
FINNIFTY02JAN2422000PE.NFO,02/01/2024,09:25:19,579.35,581.6,160,582.6,40,0,102760
FINNIFTY02JAN2422000PE.NFO,02/01/2024,09:25:20,579.35,581.25,240,582.6,40,0,102760
FINNIFTY02JAN2422000PE.NFO,02/01/2024,09:25:21,579.35,580.2,200,581.95,280,0,102760
FINNIFTY02JAN2422000PE.NFO,02/01/2024,09:25:22,579.35,580.3,320,581.45,40,0,102760
FINNIFTY02JAN2422000PE.NFO,02/01/2024,09:25:23,579.35,580.6,160,581.7,160,0,102760
FINNIFTY02JAN2422000PE.NFO,02/01/2024,09:25:23,579.35,580.65,120,581.85,160,0,102760
FINNIFTY02JAN2422000PE.NFO,02/01/2024,09:25:24,579.35,580.4,240,581.7,40,0,102760
FINNIFTY02JAN2422000PE.NFO,02/01/2024,09:25:25,579.35,580.75,120,581.85,40,0,102760
FINNIFTY02JAN2422000PE.NFO,02/01/2024,09:25:26,579.35,579.65,120,581.2,80,0,102760
FINNIFTY02JAN2422000PE.NFO,02/01/2024,09:25:27,579.35,579.35,40,580.4,40,0,102760
FINNIFTY02JAN2422000PE.NFO,02/01/2024,09:25:28,579.35,579.55,320,581.15,160,0,102760
FINNIFTY02JAN2422000PE.NFO,02/01/2024,09:25:29,579.35,579.35,40,580.15,40,0,102760
FINNIFTY02JAN2422000PE.NFO,02/01/2024,09:25:31,579.35,579.35,40,579.65,160,0,102760
FINNIFTY02JAN2422000PE.NFO,02/01/2024,09:25:32,579.35,577.9,560,579.35,120,40,102760
FINNIFTY02JAN2422000PE.NFO,02/01/2024,09:25:33,579.35,577.45,40,578.55,40,0,102760
FINNIFTY02JAN2422000PE.NFO,02/01/2024,09:25:34,579.35,576.95,240,578.45,40,0,102760
FINNIFTY02JAN2422000PE.NFO,02/01/2024,09:25:35,579.35,576.55,680,578.55,400,0,102760
FINNIFTY02JAN2422000PE.NFO,02/01/2024,09:25:36,579.35,576.2,480,577.85,120,0,102760
FINNIFTY02JAN2422000PE.NFO,02/01/2024,09:25:36,579.35,576.35,200,577.55,160,0,102760
FINNIFTY02JAN2422000PE.NFO,02/01/2024,09:25:37,579.35,576.75,120,578.65,120,0,102760
FINNIFTY02JAN2422000PE.NFO,02/01/2024,09:25:38,579.35,577.25,120,578.55,40,0,102760
FINNIFTY02JAN2422000PE.NFO,02/01/2024,09:25:39,579.35,578.2,120,579.95,40,0,102760
FINNIFTY02JAN2422000PE.NFO,02/01/2024,09:25:40,579.35,577.9,240,579.35,40,0,102760
FINNIFTY02JAN2422000PE.NFO,02/01/2024,09:25:41,579.35,577.25,80,579,200,0,102760
FINNIFTY02JAN2422000PE.NFO,02/01/2024,09:25:42,579.35,577,120,578,160,0,102760
FINNIFTY02JAN2422000PE.NFO,02/01/2024,09:25:43,579.35,577.2,120,578.3,40,0,102760
FINNIFTY02JAN2422000PE.NFO,02/01/2024,09:25:44,579.35,577.6,160,578.85,40,0,102760
FINNIFTY02JAN2422000PE.NFO,02/01/2024,09:25:45,579.35,577.3,40,578.55,40,0,102760
FINNIFTY02JAN2422000PE.NFO,02/01/2024,09:25:46,579.35,578.15,360,579.25,160,0,102760
FINNIFTY02JAN2422000PE.NFO,02/01/2024,09:25:47,579.35,577.3,120,578.7,40,0,102760
FINNIFTY02JAN2422000PE.NFO,02/01/2024,09:25:49,579.35,577.95,40,579.25,40,0,102760
FINNIFTY02JAN2422000PE.NFO,02/01/2024,09:25:50,579.35,578.9,160,580,40,0,102760
FINNIFTY02JAN2422000PE.NFO,02/01/2024,09:25:51,579.35,578.7,320,579.95,160,0,102760
FINNIFTY02JAN2422000PE.NFO,02/01/2024,09:25:52,579.35,578.85,40,579.95,40,0,102760
FINNIFTY02JAN2422000PE.NFO,02/01/2024,09:25:53,579.35,578.35,160,579.9,80,0,102760
FINNIFTY02JAN2422000PE.NFO,02/01/2024,09:25:54,579.35,578.1,120,579.05,160,0,102760
FINNIFTY02JAN2422000PE.NFO,02/01/2024,09:25:55,579.35,576.1,480,577.75,200,0,102760
FINNIFTY02JAN2422000PE.NFO,02/01/2024,09:25:56,579.35,575.7,280,577.35,120,0,102760
FINNIFTY02JAN2422000PE.NFO,02/01/2024,09:25:57,579.35,575.8,240,577.1,40,0,102760
FINNIFTY02JAN2422000PE.NFO,02/01/2024,09:25:58,579.35,575.05,200,576.9,40,0,102760
FINNIFTY02JAN2422000PE.NFO,02/01/2024,09:25:59,579.35,575.5,120,576.6,40,0,102760
FINNIFTY02JAN2422000PE.NFO,02/01/2024,09:26:00,579.35,574.8,40,576.05,40,0,102760
FINNIFTY02JAN2422000PE.NFO,02/01/2024,09:26:01,579.35,574.15,240,575.9,40,0,102760
FINNIFTY02JAN2422000PE.NFO,02/01/2024,09:26:02,579.35,574.05,240,575.65,40,0,102760
FINNIFTY02JAN2422000PE.NFO,02/01/2024,09:26:03,579.35,574.3,120,575.6,40,0,102760
FINNIFTY02JAN2422000PE.NFO,02/01/2024,09:26:04,579.35,574.15,360,575.7,40,0,102760
FINNIFTY02JAN2422000PE.NFO,02/01/2024,09:26:05,579.35,574.6,160,575.7,40,0,102760
FINNIFTY02JAN2422000PE.NFO,02/01/2024,09:26:06,579.35,574.2,240,575.65,40,0,102760
FINNIFTY02JAN2422000PE.NFO,02/01/2024,09:26:07,579.35,573.75,360,575.1,40,0,102760
FINNIFTY02JAN2422000PE.NFO,02/01/2024,09:26:08,579.35,574.7,240,576.2,40,0,102760
FINNIFTY02JAN2422000PE.NFO,02/01/2024,09:26:09,576.45,574.05,120,575.7,80,280,102760
FINNIFTY02JAN2422000PE.NFO,02/01/2024,09:26:10,576.45,574.55,160,575.7,160,0,102760
FINNIFTY02JAN2422000PE.NFO,02/01/2024,09:26:11,576.45,574.6,120,575.65,160,0,102760
FINNIFTY02JAN2422000PE.NFO,02/01/2024,09:26:12,576.45,574.65,120,575.7,160,0,102760
FINNIFTY02JAN2422000PE.NFO,02/01/2024,09:26:13,576.45,574.25,200,575.7,80,0,102760
FINNIFTY02JAN2422000PE.NFO,02/01/2024,09:26:14,576.45,572.75,120,574.25,80,0,102760
FINNIFTY02JAN2422000PE.NFO,02/01/2024,09:26:15,576.45,570.6,200,572.15,80,0,102760
FINNIFTY02JAN2422000PE.NFO,02/01/2024,09:26:16,576.45,546.8,200,564.65,120,0,102760
FINNIFTY02JAN2422000PE.NFO,02/01/2024,09:26:17,576.45,550.7,120,561.35,80,0,102760
FINNIFTY02JAN2422000PE.NFO,02/01/2024,09:26:18,560.55,554.6,40,563,520,120,102760
FINNIFTY02JAN2422000PE.NFO,02/01/2024,09:26:18,560.55,554.6,40,563,520,0,102760
FINNIFTY02JAN2422000PE.NFO,02/01/2024,09:26:19,557.2,554.8,120,558.8,200,80,102760
FINNIFTY02JAN2422000PE.NFO,02/01/2024,09:26:19,557.2,554.8,120,558.8,200,0,102760
FINNIFTY02JAN2422000PE.NFO,02/01/2024,09:26:20,557.2,555.25,240,558.95,240,0,102760
FINNIFTY02JAN2422000PE.NFO,02/01/2024,09:26:21,557.2,555.1,200,557.65,40,0,102760
FINNIFTY02JAN2422000PE.NFO,02/01/2024,09:26:22,557.2,555.5,240,557.5,40,0,102760
FINNIFTY02JAN2422000PE.NFO,02/01/2024,09:26:23,557.2,556.55,40,558.85,40,0,102760
FINNIFTY02JAN2422000PE.NFO,02/01/2024,09:26:24,557.2,557.4,40,559.95,360,0,102760
FINNIFTY02JAN2422000PE.NFO,02/01/2024,09:26:25,557.2,557.65,200,559.6,160,0,102760
FINNIFTY02JAN2422000PE.NFO,02/01/2024,09:26:26,557.2,559.9,40,562.1,40,0,102760
FINNIFTY02JAN2422000PE.NFO,02/01/2024,09:26:27,557.2,558.15,40,559.8,160,0,102760
FINNIFTY02JAN2422000PE.NFO,02/01/2024,09:26:28,557.2,558.4,80,560.25,40,0,102760
FINNIFTY02JAN2422000PE.NFO,02/01/2024,09:26:29,557.2,554.9,40,556.9,320,0,102760
FINNIFTY02JAN2422000PE.NFO,02/01/2024,09:26:30,557.2,551.5,40,552.8,160,0,102760
FINNIFTY02JAN2422000PE.NFO,02/01/2024,09:26:31,557.2,550.7,280,552.7,40,0,102760
FINNIFTY02JAN2422000PE.NFO,02/01/2024,09:26:32,557.2,550.55,360,552.1,160,0,102760
FINNIFTY02JAN2422000PE.NFO,02/01/2024,09:26:33,557.2,551.95,360,553.55,160,0,102760
FINNIFTY02JAN2422000PE.NFO,02/01/2024,09:26:34,557.2,551.3,120,553.05,40,0,102760
FINNIFTY02JAN2422000PE.NFO,02/01/2024,09:26:35,557.2,552.55,40,555.15,520,0,102760
FINNIFTY02JAN2422000PE.NFO,02/01/2024,09:26:36,557.2,552.1,200,553.9,80,0,102760
FINNIFTY02JAN2422000PE.NFO,02/01/2024,09:26:37,557.2,551.65,120,553.25,80,0,102760
FINNIFTY02JAN2422000PE.NFO,02/01/2024,09:26:38,557.2,545.35,160,548.4,480,0,102760
FINNIFTY02JAN2422000PE.NFO,02/01/2024,09:26:39,543.8,541.3,40,544.85,240,40,103000
FINNIFTY02JAN2422000PE.NFO,02/01/2024,09:26:39,543.8,541.3,40,544.85,240,0,103000
FINNIFTY02JAN2422000PE.NFO,02/01/2024,09:26:40,543.8,538.85,40,541.6,200,0,103000
FINNIFTY02JAN2422000PE.NFO,02/01/2024,09:26:41,543.8,541.15,160,543.85,40,0,103000
FINNIFTY02JAN2422000PE.NFO,02/01/2024,09:26:42,543.8,540.7,80,542.5,160,0,103000
FINNIFTY02JAN2422000PE.NFO,02/01/2024,09:26:43,543.8,540.3,40,542.55,200,0,103000
FINNIFTY02JAN2422000PE.NFO,02/01/2024,09:26:44,543.8,538.85,40,541.1,240,0,103000
FINNIFTY02JAN2422000PE.NFO,02/01/2024,09:26:45,543.8,534.55,40,537.15,80,0,103000
FINNIFTY02JAN2422000PE.NFO,02/01/2024,09:26:46,543.8,533.6,200,535.2,160,0,103000
FINNIFTY02JAN2422000PE.NFO,02/01/2024,09:26:47,543.8,531.3,80,533.7,480,0,103000
FINNIFTY02JAN2422000PE.NFO,02/01/2024,09:26:48,543.8,532.7,40,534.55,160,0,103000
FINNIFTY02JAN2422000PE.NFO,02/01/2024,09:26:49,543.8,534.5,40,536.55,40,0,103000
FINNIFTY02JAN2422000PE.NFO,02/01/2024,09:26:50,543.8,535.8,40,537.2,160,0,103000
FINNIFTY02JAN2422000PE.NFO,02/01/2024,09:26:51,543.8,534.3,480,536.55,80,0,103000
FINNIFTY02JAN2422000PE.NFO,02/01/2024,09:26:52,543.8,534.4,40,537.2,40,0,103000
FINNIFTY02JAN2422000PE.NFO,02/01/2024,09:26:53,543.8,535.9,160,538.75,40,0,103000
FINNIFTY02JAN2422000PE.NFO,02/01/2024,09:26:54,543.8,537.15,360,539.55,80,0,103000
FINNIFTY02JAN2422000PE.NFO,02/01/2024,09:26:55,543.8,540,120,542.1,40,0,103000
FINNIFTY02JAN2422000PE.NFO,02/01/2024,09:26:56,543.8,540.25,480,542.45,320,0,103000
FINNIFTY02JAN2422000PE.NFO,02/01/2024,09:26:57,543.8,540.65,200,543.15,40,0,103000
FINNIFTY02JAN2422000PE.NFO,02/01/2024,09:26:58,543.8,541.9,200,544.3,40,0,103000
FINNIFTY02JAN2422000PE.NFO,02/01/2024,09:26:59,543.8,543.05,320,545.25,40,0,103000
FINNIFTY02JAN2422000PE.NFO,02/01/2024,09:27:00,543.8,541.75,40,544.45,40,0,103000
FINNIFTY02JAN2422000PE.NFO,02/01/2024,09:27:01,543.8,540.15,120,541.8,320,0,103000
FINNIFTY02JAN2422000PE.NFO,02/01/2024,09:27:02,543.8,538.15,120,540.25,360,0,103000
FINNIFTY02JAN2422000PE.NFO,02/01/2024,09:27:03,543.8,537.5,40,540.15,80,0,103000
FINNIFTY02JAN2422000PE.NFO,02/01/2024,09:27:04,543.8,537.3,200,539.95,400,0,103000
FINNIFTY02JAN2422000PE.NFO,02/01/2024,09:27:05,543.8,538.7,40,540.95,720,0,103000
FINNIFTY02JAN2422000PE.NFO,02/01/2024,09:27:06,543.8,540.05,120,541.55,80,0,103000
FINNIFTY02JAN2422000PE.NFO,02/01/2024,09:27:07,543.8,539.7,120,541.3,80,0,103000
FINNIFTY02JAN2422000PE.NFO,02/01/2024,09:27:08,543.8,536.85,160,538.9,120,0,103000
FINNIFTY02JAN2422000PE.NFO,02/01/2024,09:27:09,543.8,537,120,538.25,160,0,103000
FINNIFTY02JAN2422000PE.NFO,02/01/2024,09:27:10,543.8,537.95,40,540.3,480,0,103000
FINNIFTY02JAN2422000PE.NFO,02/01/2024,09:27:11,543.8,539.85,40,540.95,160,0,103000
FINNIFTY02JAN2422000PE.NFO,02/01/2024,09:27:12,542.15,540.6,400,542.25,160,40,103000
FINNIFTY02JAN2422000PE.NFO,02/01/2024,09:27:12,542.15,540.6,400,542.25,160,0,103000
FINNIFTY02JAN2422000PE.NFO,02/01/2024,09:27:13,542.15,538.5,480,540.35,80,0,103000
FINNIFTY02JAN2422000PE.NFO,02/01/2024,09:27:14,542.15,538.6,240,539.75,160,0,103000
FINNIFTY02JAN2422000PE.NFO,02/01/2024,09:27:15,542.15,540.65,80,541.85,160,0,103000
FINNIFTY02JAN2422000PE.NFO,02/01/2024,09:27:16,542.15,541.45,240,542.8,160,0,103000
FINNIFTY02JAN2422000PE.NFO,02/01/2024,09:27:17,542.15,540.15,40,541.7,160,0,103000
FINNIFTY02JAN2422000PE.NFO,02/01/2024,09:27:18,542.15,540.95,80,542.75,200,0,103000
FINNIFTY02JAN2422000PE.NFO,02/01/2024,09:27:19,542.15,540.55,360,542.7,240,0,103000
FINNIFTY02JAN2422000PE.NFO,02/01/2024,09:27:20,542.15,541.35,120,543.15,40,0,103000
FINNIFTY02JAN2422000PE.NFO,02/01/2024,09:27:21,542.15,540.65,360,542.55,40,0,103000
FINNIFTY02JAN2422000PE.NFO,02/01/2024,09:27:22,542.15,540.6,80,542.55,40,0,103000
FINNIFTY02JAN2422000PE.NFO,02/01/2024,09:27:23,542.15,540.4,40,542.25,1160,0,103000
FINNIFTY02JAN2422000PE.NFO,02/01/2024,09:27:24,542.15,539.55,240,540.75,160,0,103000
FINNIFTY02JAN2422000PE.NFO,02/01/2024,09:27:25,542.15,541.4,200,542.4,160,0,103000
FINNIFTY02JAN2422000PE.NFO,02/01/2024,09:27:26,542.15,543.15,320,545.35,5200,0,103000
FINNIFTY02JAN2422000PE.NFO,02/01/2024,09:27:27,542.15,544.75,200,545.8,160,0,103000
FINNIFTY02JAN2422000PE.NFO,02/01/2024,09:27:28,542.15,544.6,120,545.85,160,0,103000
FINNIFTY02JAN2422000PE.NFO,02/01/2024,09:27:29,542.15,544.6,120,546.15,160,0,103000
FINNIFTY02JAN2422000PE.NFO,02/01/2024,09:27:30,542.15,544.55,240,546.15,160,0,103000
FINNIFTY02JAN2422000PE.NFO,02/01/2024,09:27:31,542.15,544.6,200,546.3,160,0,103000
FINNIFTY02JAN2422000PE.NFO,02/01/2024,09:27:32,542.15,546.6,400,549.25,40,0,103000
FINNIFTY02JAN2422000PE.NFO,02/01/2024,09:27:33,542.15,545.7,160,547.6,80,0,103000
FINNIFTY02JAN2422000PE.NFO,02/01/2024,09:27:34,542.15,546.5,240,547.7,160,0,103000
FINNIFTY02JAN2422000PE.NFO,02/01/2024,09:27:35,542.15,544.8,120,546.7,80,0,103000
FINNIFTY02JAN2422000PE.NFO,02/01/2024,09:27:36,542.15,543.3,120,545.1,160,0,103000
FINNIFTY02JAN2422000PE.NFO,02/01/2024,09:27:37,542.15,542.35,40,544.15,40,0,103000
FINNIFTY02JAN2422000PE.NFO,02/01/2024,09:27:38,542.15,542.65,120,544.15,160,0,103000
FINNIFTY02JAN2422000PE.NFO,02/01/2024,09:27:39,542.15,542.9,40,543.9,160,0,103000
FINNIFTY02JAN2422000PE.NFO,02/01/2024,09:27:40,542.15,543.55,120,545.05,160,0,103000
FINNIFTY02JAN2422000PE.NFO,02/01/2024,09:27:41,545.75,543,120,545.25,160,200,103000
FINNIFTY02JAN2422000PE.NFO,02/01/2024,09:27:42,545.75,543.2,80,544.65,160,0,103000
FINNIFTY02JAN2422000PE.NFO,02/01/2024,09:27:43,545.75,541.95,360,543.75,80,0,103000
FINNIFTY02JAN2422000PE.NFO,02/01/2024,09:27:44,545.75,542,240,543.8,120,0,103000
FINNIFTY02JAN2422000PE.NFO,02/01/2024,09:27:45,545.75,543.75,40,544.6,160,0,103000
FINNIFTY02JAN2422000PE.NFO,02/01/2024,09:27:46,545.75,543.65,160,544.65,160,0,103000
FINNIFTY02JAN2422000PE.NFO,02/01/2024,09:27:47,545.75,543.65,360,545.3,80,0,103000
FINNIFTY02JAN2422000PE.NFO,02/01/2024,09:27:48,545.75,544.15,160,545.8,160,0,103000
FINNIFTY02JAN2422000PE.NFO,02/01/2024,09:27:49,545.75,542.25,120,543.55,120,0,103000
FINNIFTY02JAN2422000PE.NFO,02/01/2024,09:27:50,545.75,541.75,120,543.25,160,0,103000
FINNIFTY02JAN2422000PE.NFO,02/01/2024,09:27:51,545.75,541.3,200,542.2,160,0,103000
FINNIFTY02JAN2422000PE.NFO,02/01/2024,09:27:52,545.75,536,40,540,40,0,103000
FINNIFTY02JAN2422000PE.NFO,02/01/2024,09:27:53,545.75,534.2,40,536.7,80,0,103000
FINNIFTY02JAN2422000PE.NFO,02/01/2024,09:27:54,545.75,535.8,240,537.95,80,0,103000
FINNIFTY02JAN2422000PE.NFO,02/01/2024,09:27:55,545.75,535.3,80,537.5,80,0,103000
FINNIFTY02JAN2422000PE.NFO,02/01/2024,09:27:56,545.75,535.1,120,537.05,200,0,103000
FINNIFTY02JAN2422000PE.NFO,02/01/2024,09:27:57,545.75,532.7,120,534.5,80,0,103000
FINNIFTY02JAN2422000PE.NFO,02/01/2024,09:27:58,530.95,524.7,240,531.9,240,360,103000
FINNIFTY02JAN2422000PE.NFO,02/01/2024,09:27:58,530.95,524.7,240,531.9,240,0,103000
FINNIFTY02JAN2422000PE.NFO,02/01/2024,09:27:59,530.95,526.7,40,529.85,80,0,103000
FINNIFTY02JAN2422000PE.NFO,02/01/2024,09:28:00,530.95,528.35,200,530.6,120,0,103000
FINNIFTY02JAN2422000PE.NFO,02/01/2024,09:28:01,530.95,528.6,200,531,40,0,103000
FINNIFTY02JAN2422000PE.NFO,02/01/2024,09:28:02,530.95,530,40,532.6,40,0,103000
FINNIFTY02JAN2422000PE.NFO,02/01/2024,09:28:03,530.95,525.65,40,528.9,120,0,103000
FINNIFTY02JAN2422000PE.NFO,02/01/2024,09:28:04,530.95,525.65,200,528.35,80,0,103000
FINNIFTY02JAN2422000PE.NFO,02/01/2024,09:28:05,530.95,526.1,40,528.6,40,0,103000
FINNIFTY02JAN2422000PE.NFO,02/01/2024,09:28:06,530.95,528.05,40,530.15,160,0,103000
FINNIFTY02JAN2422000PE.NFO,02/01/2024,09:28:07,530.95,529.65,80,531.25,160,0,103000
FINNIFTY02JAN2422000PE.NFO,02/01/2024,09:28:08,530.95,529.75,200,531.55,40,0,103000
FINNIFTY02JAN2422000PE.NFO,02/01/2024,09:28:09,530.95,529.25,80,531.05,40,0,103000
FINNIFTY02JAN2422000PE.NFO,02/01/2024,09:28:10,530.95,530.9,160,532,160,0,103000
FINNIFTY02JAN2422000PE.NFO,02/01/2024,09:28:11,530.95,530.5,80,532.2,80,0,103000
FINNIFTY02JAN2422000PE.NFO,02/01/2024,09:28:12,530.95,530.5,40,532.5,160,0,103000
FINNIFTY02JAN2422000PE.NFO,02/01/2024,09:28:13,530.95,530.7,1720,532.95,40,0,103000
FINNIFTY02JAN2422000PE.NFO,02/01/2024,09:28:14,530.95,531.4,480,533.9,40,0,103000
FINNIFTY02JAN2422000PE.NFO,02/01/2024,09:28:15,530.95,532.45,120,533.75,160,0,103000
FINNIFTY02JAN2422000PE.NFO,02/01/2024,09:28:16,530.95,532.15,160,533.7,160,0,103000
FINNIFTY02JAN2422000PE.NFO,02/01/2024,09:28:17,530.95,532.25,120,534.35,80,0,103000
FINNIFTY02JAN2422000PE.NFO,02/01/2024,09:28:18,530.95,532.7,40,534.25,160,0,103000
FINNIFTY02JAN2422000PE.NFO,02/01/2024,09:28:19,530.95,532.05,120,533.35,160,0,103000
FINNIFTY02JAN2422000PE.NFO,02/01/2024,09:28:20,530.95,533.5,200,535.15,160,0,103000
FINNIFTY02JAN2422000PE.NFO,02/01/2024,09:28:21,530.95,531.65,120,533.5,280,0,103000
FINNIFTY02JAN2422000PE.NFO,02/01/2024,09:28:22,530.95,531.9,40,533.55,160,0,103000
FINNIFTY02JAN2422000PE.NFO,02/01/2024,09:28:23,530.95,530.9,40,532.95,240,0,103000
FINNIFTY02JAN2422000PE.NFO,02/01/2024,09:28:24,530.95,530.3,40,532.1,160,0,103000
FINNIFTY02JAN2422000PE.NFO,02/01/2024,09:28:25,530.95,528.1,40,529.85,40,0,103000
FINNIFTY02JAN2422000PE.NFO,02/01/2024,09:28:26,530.95,529.15,80,530.5,160,0,103000
FINNIFTY02JAN2422000PE.NFO,02/01/2024,09:28:27,530.95,530.25,40,531.3,160,0,103000
FINNIFTY02JAN2422000PE.NFO,02/01/2024,09:28:28,530.95,530.45,200,531.7,160,0,103000
FINNIFTY02JAN2422000PE.NFO,02/01/2024,09:28:29,530.95,530,120,531.8,160,0,103000
FINNIFTY02JAN2422000PE.NFO,02/01/2024,09:28:30,530.95,528.95,120,531.05,280,0,103000
FINNIFTY02JAN2422000PE.NFO,02/01/2024,09:28:31,530.95,530.55,40,532.6,560,0,103000
FINNIFTY02JAN2422000PE.NFO,02/01/2024,09:28:32,530.95,531.15,120,533.1,40,0,103000
FINNIFTY02JAN2422000PE.NFO,02/01/2024,09:28:33,530.95,532.6,360,534.4,160,0,103000
FINNIFTY02JAN2422000PE.NFO,02/01/2024,09:28:34,530.95,533.75,160,535.05,160,0,103000
FINNIFTY02JAN2422000PE.NFO,02/01/2024,09:28:35,530.95,534.25,120,535.6,160,0,103000
FINNIFTY02JAN2422000PE.NFO,02/01/2024,09:28:36,530.95,533.65,120,535.25,160,0,103000
FINNIFTY02JAN2422000PE.NFO,02/01/2024,09:28:37,530.95,533.95,40,535.8,160,0,103000
FINNIFTY02JAN2422000PE.NFO,02/01/2024,09:28:38,530.95,535.55,200,537.15,160,0,103000
FINNIFTY02JAN2422000PE.NFO,02/01/2024,09:28:39,530.95,535.6,160,537.4,160,0,103000
FINNIFTY02JAN2422000PE.NFO,02/01/2024,09:28:40,530.95,534.65,120,536.45,40,0,103000
FINNIFTY02JAN2422000PE.NFO,02/01/2024,09:28:41,530.95,534.25,160,536.45,80,0,103000
FINNIFTY02JAN2422000PE.NFO,02/01/2024,09:28:42,530.95,534.75,120,536.25,160,0,103000
FINNIFTY02JAN2422000PE.NFO,02/01/2024,09:28:43,530.95,534.8,200,536.7,160,0,103000
FINNIFTY02JAN2422000PE.NFO,02/01/2024,09:28:44,530.95,534.85,80,536.55,160,0,103000
FINNIFTY02JAN2422000PE.NFO,02/01/2024,09:28:45,530.95,534.4,40,536.2,120,0,103000
FINNIFTY02JAN2422000PE.NFO,02/01/2024,09:28:46,530.95,534.2,80,535.4,160,0,103000
FINNIFTY02JAN2422000PE.NFO,02/01/2024,09:28:47,530.95,532.95,120,534.85,40,0,103000
FINNIFTY02JAN2422000PE.NFO,02/01/2024,09:28:48,530.95,533.15,120,535.25,80,0,103000
FINNIFTY02JAN2422000PE.NFO,02/01/2024,09:28:49,530.95,534.55,120,535.75,160,0,103000
FINNIFTY02JAN2422000PE.NFO,02/01/2024,09:28:50,530.95,533.8,200,535.95,80,0,103000
FINNIFTY02JAN2422000PE.NFO,02/01/2024,09:28:51,530.95,533.9,120,534.95,160,0,103000
FINNIFTY02JAN2422000PE.NFO,02/01/2024,09:28:52,530.95,533.95,120,535.45,160,0,103000
FINNIFTY02JAN2422000PE.NFO,02/01/2024,09:28:53,530.95,534.4,120,535.55,160,0,103000
FINNIFTY02JAN2422000PE.NFO,02/01/2024,09:28:54,530.95,534.35,160,535.7,160,0,103000
FINNIFTY02JAN2422000PE.NFO,02/01/2024,09:28:55,530.95,535.35,120,537.4,360,0,103000
FINNIFTY02JAN2422000PE.NFO,02/01/2024,09:28:56,530.95,536.2,120,538.1,40,0,103000
FINNIFTY02JAN2422000PE.NFO,02/01/2024,09:28:57,530.95,536.4,120,538.3,80,0,103000
FINNIFTY02JAN2422000PE.NFO,02/01/2024,09:28:58,530.95,536.25,120,538,160,0,103000
FINNIFTY02JAN2422000PE.NFO,02/01/2024,09:28:59,530.95,536.75,200,538.25,160,0,103000
FINNIFTY02JAN2422000PE.NFO,02/01/2024,09:29:00,530.95,537.75,360,540.05,160,0,103000
FINNIFTY02JAN2422000PE.NFO,02/01/2024,09:29:01,530.95,536.5,200,538.35,40,0,103000
FINNIFTY02JAN2422000PE.NFO,02/01/2024,09:29:02,530.95,537.9,120,539.3,160,0,103000
FINNIFTY02JAN2422000PE.NFO,02/01/2024,09:29:03,530.95,538.65,40,540.9,80,0,103000
FINNIFTY02JAN2422000PE.NFO,02/01/2024,09:29:04,530.95,538.2,40,540.45,40,0,103000
FINNIFTY02JAN2422000PE.NFO,02/01/2024,09:29:05,530.95,538.6,40,540.95,320,0,103000
FINNIFTY02JAN2422000PE.NFO,02/01/2024,09:29:06,530.95,539.55,240,541.4,160,0,103000
FINNIFTY02JAN2422000PE.NFO,02/01/2024,09:29:07,530.95,539.1,120,540.3,160,0,103000
FINNIFTY02JAN2422000PE.NFO,02/01/2024,09:29:08,530.95,539.2,120,540.6,160,0,103000
FINNIFTY02JAN2422000PE.NFO,02/01/2024,09:29:09,530.95,539.45,80,541.2,160,0,103000
FINNIFTY02JAN2422000PE.NFO,02/01/2024,09:29:10,530.95,537.7,40,540.25,200,0,103000
FINNIFTY02JAN2422000PE.NFO,02/01/2024,09:29:11,530.95,538,240,539.75,40,0,103000
FINNIFTY02JAN2422000PE.NFO,02/01/2024,09:29:12,530.95,536.05,80,538.05,160,0,103000
FINNIFTY02JAN2422000PE.NFO,02/01/2024,09:29:13,530.95,536.7,200,538.1,160,0,103000
FINNIFTY02JAN2422000PE.NFO,02/01/2024,09:29:14,530.95,536.85,120,538.05,160,0,103000
FINNIFTY02JAN2422000PE.NFO,02/01/2024,09:29:15,530.95,537.65,120,538.95,160,0,103000
FINNIFTY02JAN2422000PE.NFO,02/01/2024,09:29:16,530.95,538.35,120,539.55,160,0,103000
FINNIFTY02JAN2422000PE.NFO,02/01/2024,09:29:17,530.95,538.1,240,539.5,160,0,103000
FINNIFTY02JAN2422000PE.NFO,02/01/2024,09:29:18,530.95,539.05,200,540.1,160,0,103000
FINNIFTY02JAN2422000PE.NFO,02/01/2024,09:29:19,530.95,539.25,120,540.25,160,0,103000
FINNIFTY02JAN2422000PE.NFO,02/01/2024,09:29:20,530.95,539.9,120,541.65,320,0,103000
FINNIFTY02JAN2422000PE.NFO,02/01/2024,09:29:21,530.95,539.95,200,541.4,160,0,103000
FINNIFTY02JAN2422000PE.NFO,02/01/2024,09:29:22,530.95,540.1,80,542,40,0,103000
FINNIFTY02JAN2422000PE.NFO,02/01/2024,09:29:23,530.95,540.1,200,541.25,160,0,103000
FINNIFTY02JAN2422000PE.NFO,02/01/2024,09:29:24,530.95,539.75,120,541.4,160,0,103000
FINNIFTY02JAN2422000PE.NFO,02/01/2024,09:29:25,530.95,538.85,120,540.7,160,0,103000
FINNIFTY02JAN2422000PE.NFO,02/01/2024,09:29:26,530.95,540.7,120,542,160,0,103000
FINNIFTY02JAN2422000PE.NFO,02/01/2024,09:29:27,530.95,541.35,200,542.4,160,0,103000
FINNIFTY02JAN2422000PE.NFO,02/01/2024,09:29:28,530.95,541.35,80,542.5,160,0,103000
FINNIFTY02JAN2422000PE.NFO,02/01/2024,09:29:29,530.95,540.85,1840,542.6,160,0,103000
FINNIFTY02JAN2422000PE.NFO,02/01/2024,09:29:30,530.95,539.9,40,541.65,200,0,103000
FINNIFTY02JAN2422000PE.NFO,02/01/2024,09:29:31,530.95,539.75,200,541.2,160,0,103000
FINNIFTY02JAN2422000PE.NFO,02/01/2024,09:29:32,530.95,539.95,120,541.6,160,0,103000
FINNIFTY02JAN2422000PE.NFO,02/01/2024,09:29:33,530.95,540.35,120,541.5,160,0,103000
FINNIFTY02JAN2422000PE.NFO,02/01/2024,09:29:34,530.95,539.8,40,541.55,160,0,103000
FINNIFTY02JAN2422000PE.NFO,02/01/2024,09:29:35,530.95,538.65,200,539.95,160,0,103000
FINNIFTY02JAN2422000PE.NFO,02/01/2024,09:29:36,530.95,537.95,40,539.65,160,0,103000
FINNIFTY02JAN2422000PE.NFO,02/01/2024,09:29:37,530.95,538.2,120,540.25,240,0,103000
FINNIFTY02JAN2422000PE.NFO,02/01/2024,09:29:38,530.95,538.45,40,540.3,40,0,103000
FINNIFTY02JAN2422000PE.NFO,02/01/2024,09:29:39,530.95,537.1,120,538.95,40,0,103000
FINNIFTY02JAN2422000PE.NFO,02/01/2024,09:29:40,530.95,537.1,80,538.9,40,0,103000
FINNIFTY02JAN2422000PE.NFO,02/01/2024,09:29:41,530.95,537.2,240,538.85,80,0,103000
FINNIFTY02JAN2422000PE.NFO,02/01/2024,09:29:42,530.95,537.35,40,538.8,160,0,103000
FINNIFTY02JAN2422000PE.NFO,02/01/2024,09:29:43,530.95,538.75,120,539.9,160,0,103000
FINNIFTY02JAN2422000PE.NFO,02/01/2024,09:29:44,530.95,538.45,120,540.05,160,0,103000
FINNIFTY02JAN2422000PE.NFO,02/01/2024,09:29:45,530.95,538.7,400,540.15,160,0,103000
FINNIFTY02JAN2422000PE.NFO,02/01/2024,09:29:46,530.95,539.3,160,540.55,160,0,103000
FINNIFTY02JAN2422000PE.NFO,02/01/2024,09:29:47,530.95,539.55,40,541.75,4480,0,103000
FINNIFTY02JAN2422000PE.NFO,02/01/2024,09:29:48,530.95,539.15,40,540.95,160,0,103000
FINNIFTY02JAN2422000PE.NFO,02/01/2024,09:29:49,530.95,538.3,200,540.2,40,0,103000
FINNIFTY02JAN2422000PE.NFO,02/01/2024,09:29:50,530.95,538.8,200,539.85,160,0,103000
FINNIFTY02JAN2422000PE.NFO,02/01/2024,09:29:51,530.95,538.8,160,540.1,160,0,103000
FINNIFTY02JAN2422000PE.NFO,02/01/2024,09:29:52,530.95,538.3,120,539.3,160,0,103000
FINNIFTY02JAN2422000PE.NFO,02/01/2024,09:29:53,530.95,537.75,240,538.9,160,0,103000
FINNIFTY02JAN2422000PE.NFO,02/01/2024,09:29:54,530.95,538.05,80,539.6,160,0,103000
FINNIFTY02JAN2422000PE.NFO,02/01/2024,09:29:55,530.95,538.35,120,539.95,160,0,103000
FINNIFTY02JAN2422000PE.NFO,02/01/2024,09:29:56,530.95,538.8,120,539.95,160,0,103000
FINNIFTY02JAN2422000PE.NFO,02/01/2024,09:29:57,530.95,538.9,760,540.1,160,0,103000
FINNIFTY02JAN2422000PE.NFO,02/01/2024,09:29:58,530.95,539.45,200,540.55,160,0,103000
FINNIFTY02JAN2422000PE.NFO,02/01/2024,09:29:59,530.95,538,1000,539.5,160,0,103000
FINNIFTY02JAN2422000PE.NFO,02/01/2024,09:30:00,530.95,537.4,360,539.45,160,0,103000
FINNIFTY02JAN2422000PE.NFO,02/01/2024,09:30:01,530.95,535.95,80,538.35,40,0,103000
FINNIFTY02JAN2422000PE.NFO,02/01/2024,09:30:02,530.95,537.7,40,539.85,80,0,103000
FINNIFTY02JAN2422000PE.NFO,02/01/2024,09:30:03,530.95,539.85,120,540.9,160,0,103000
FINNIFTY02JAN2422000PE.NFO,02/01/2024,09:30:04,530.95,540.95,120,541.95,160,0,103000
FINNIFTY02JAN2422000PE.NFO,02/01/2024,09:30:05,530.95,541.05,120,542.3,160,0,103000
FINNIFTY02JAN2422000PE.NFO,02/01/2024,09:30:06,530.95,541.5,160,542.85,160,0,103000
FINNIFTY02JAN2422000PE.NFO,02/01/2024,09:30:07,530.95,542.25,200,543.9,160,0,103000
FINNIFTY02JAN2422000PE.NFO,02/01/2024,09:30:08,530.95,541.55,640,543.2,160,0,103000
FINNIFTY02JAN2422000PE.NFO,02/01/2024,09:30:09,530.95,541.05,120,542.5,160,0,103000
FINNIFTY02JAN2422000PE.NFO,02/01/2024,09:30:10,530.95,540.65,240,541.7,160,0,103000
FINNIFTY02JAN2422000PE.NFO,02/01/2024,09:30:11,530.95,540.8,120,542.55,120,0,103000
FINNIFTY02JAN2422000PE.NFO,02/01/2024,09:30:12,530.95,539.8,200,541.5,80,0,103000
FINNIFTY02JAN2422000PE.NFO,02/01/2024,09:30:13,530.95,539.05,200,540.95,160,0,103000
FINNIFTY02JAN2422000PE.NFO,02/01/2024,09:30:14,530.95,536.55,200,538.55,200,0,103000
FINNIFTY02JAN2422000PE.NFO,02/01/2024,09:30:15,530.95,536.7,320,537.85,160,0,103000
FINNIFTY02JAN2422000PE.NFO,02/01/2024,09:30:16,530.95,537.3,120,538.4,160,0,103000
FINNIFTY02JAN2422000PE.NFO,02/01/2024,09:30:17,530.95,537.1,120,538.2,160,0,103000
FINNIFTY02JAN2422000PE.NFO,02/01/2024,09:30:18,530.95,535.4,200,537.4,240,0,103000
FINNIFTY02JAN2422000PE.NFO,02/01/2024,09:30:19,530.95,532.95,80,535.35,200,0,103000
FINNIFTY02JAN2422000PE.NFO,02/01/2024,09:30:20,530.95,533.9,120,536.35,80,0,103000
FINNIFTY02JAN2422000PE.NFO,02/01/2024,09:30:21,530.95,535.15,120,536.55,160,0,103000
FINNIFTY02JAN2422000PE.NFO,02/01/2024,09:30:22,530.95,535.65,40,537.2,160,0,103000
FINNIFTY02JAN2422000PE.NFO,02/01/2024,09:30:23,530.95,535.85,200,537.05,160,0,103000
FINNIFTY02JAN2422000PE.NFO,02/01/2024,09:30:24,530.95,536.15,200,538.05,160,0,103000
FINNIFTY02JAN2422000PE.NFO,02/01/2024,09:30:25,530.95,536.85,120,538.2,160,0,103000
FINNIFTY02JAN2422000PE.NFO,02/01/2024,09:30:26,530.95,536.8,120,538.2,160,0,103000
FINNIFTY02JAN2422000PE.NFO,02/01/2024,09:30:27,530.95,538.05,120,539.15,160,0,103000
FINNIFTY02JAN2422000PE.NFO,02/01/2024,09:30:28,530.95,537.95,240,539.5,160,0,103000
FINNIFTY02JAN2422000PE.NFO,02/01/2024,09:30:29,530.95,538,120,539.1,160,0,103000
FINNIFTY02JAN2422000PE.NFO,02/01/2024,09:30:30,530.95,539.1,120,540.55,160,0,103000
FINNIFTY02JAN2422000PE.NFO,02/01/2024,09:30:31,530.95,539.8,200,541,160,0,103000
FINNIFTY02JAN2422000PE.NFO,02/01/2024,09:30:32,530.95,539.25,80,541.1,80,0,103000
FINNIFTY02JAN2422000PE.NFO,02/01/2024,09:30:33,530.95,539.25,120,540.9,80,0,103000
FINNIFTY02JAN2422000PE.NFO,02/01/2024,09:30:34,530.95,538.65,80,540.25,80,0,103000
FINNIFTY02JAN2422000PE.NFO,02/01/2024,09:30:35,530.95,538.65,80,540.45,40,0,103000
FINNIFTY02JAN2422000PE.NFO,02/01/2024,09:30:36,530.95,539,120,540.25,160,0,103000
FINNIFTY02JAN2422000PE.NFO,02/01/2024,09:30:37,530.95,538.85,160,540.15,160,0,103000
FINNIFTY02JAN2422000PE.NFO,02/01/2024,09:30:38,530.95,539.55,80,540.75,160,0,103000
FINNIFTY02JAN2422000PE.NFO,02/01/2024,09:30:39,530.95,539.1,120,540.75,40,0,103000
FINNIFTY02JAN2422000PE.NFO,02/01/2024,09:30:40,530.95,538.95,200,539.95,160,0,103000
FINNIFTY02JAN2422000PE.NFO,02/01/2024,09:30:41,530.95,536.4,40,538.15,40,0,103000
FINNIFTY02JAN2422000PE.NFO,02/01/2024,09:30:42,530.95,537.35,40,539.4,40,0,103000
FINNIFTY02JAN2422000PE.NFO,02/01/2024,09:30:43,530.95,537.85,200,539.5,160,0,103000
FINNIFTY02JAN2422000PE.NFO,02/01/2024,09:30:44,530.95,537.85,40,539.55,160,0,103000
FINNIFTY02JAN2422000PE.NFO,02/01/2024,09:30:45,530.95,537.85,120,539.45,40,0,103000
FINNIFTY02JAN2422000PE.NFO,02/01/2024,09:30:46,530.95,537.7,760,539.1,160,0,103000
FINNIFTY02JAN2422000PE.NFO,02/01/2024,09:30:47,530.95,538.1,120,539.25,160,0,103000
FINNIFTY02JAN2422000PE.NFO,02/01/2024,09:30:49,530.95,537.65,320,539.3,160,0,103000
FINNIFTY02JAN2422000PE.NFO,02/01/2024,09:30:50,530.95,538.15,160,539.95,240,0,103000
FINNIFTY02JAN2422000PE.NFO,02/01/2024,09:30:51,530.95,537.95,160,539.2,160,0,103000
FINNIFTY02JAN2422000PE.NFO,02/01/2024,09:30:51,530.95,538.4,120,540.2,520,0,103000
FINNIFTY02JAN2422000PE.NFO,02/01/2024,09:30:52,530.95,537.8,120,539.7,80,0,103000
FINNIFTY02JAN2422000PE.NFO,02/01/2024,09:30:53,530.95,538.15,160,540.3,40,0,103000
FINNIFTY02JAN2422000PE.NFO,02/01/2024,09:30:54,530.95,538.6,160,539.75,160,0,103000
FINNIFTY02JAN2422000PE.NFO,02/01/2024,09:30:56,530.95,538.95,160,540,160,0,103000
FINNIFTY02JAN2422000PE.NFO,02/01/2024,09:30:56,530.95,538.85,120,540,160,0,103000
FINNIFTY02JAN2422000PE.NFO,02/01/2024,09:30:57,530.95,539.55,120,540.95,160,0,103000
FINNIFTY02JAN2422000PE.NFO,02/01/2024,09:30:58,530.95,539.7,120,540.85,160,0,103000
FINNIFTY02JAN2422000PE.NFO,02/01/2024,09:30:59,530.95,540,120,541.15,160,0,103000
FINNIFTY02JAN2422000PE.NFO,02/01/2024,09:31:01,530.95,540.65,120,542,160,0,103000
FINNIFTY02JAN2422000PE.NFO,02/01/2024,09:31:01,530.95,540.55,160,542,160,0,103000
FINNIFTY02JAN2422000PE.NFO,02/01/2024,09:31:02,530.95,540.95,240,542.4,160,0,103000
FINNIFTY02JAN2422000PE.NFO,02/01/2024,09:31:03,530.95,541.4,120,542.55,160,0,103000
FINNIFTY02JAN2422000PE.NFO,02/01/2024,09:31:04,530.95,542.15,120,543.5,160,0,103000
FINNIFTY02JAN2422000PE.NFO,02/01/2024,09:31:05,530.95,542.45,80,544.55,1720,0,103000
FINNIFTY02JAN2422000PE.NFO,02/01/2024,09:31:07,530.95,542.4,200,544.2,40,0,103000
FINNIFTY02JAN2422000PE.NFO,02/01/2024,09:31:07,530.95,542.45,120,543.85,160,0,103000
FINNIFTY02JAN2422000PE.NFO,02/01/2024,09:31:08,530.95,541.95,120,543.15,160,0,103000
FINNIFTY02JAN2422000PE.NFO,02/01/2024,09:31:09,530.95,541.4,120,542.8,160,0,103000
FINNIFTY02JAN2422000PE.NFO,02/01/2024,09:31:10,530.95,541.5,160,542.8,160,0,103000
FINNIFTY02JAN2422000PE.NFO,02/01/2024,09:31:11,530.95,540.85,120,542.7,80,0,103000
FINNIFTY02JAN2422000PE.NFO,02/01/2024,09:31:13,530.95,542.6,120,543.85,160,0,103000
FINNIFTY02JAN2422000PE.NFO,02/01/2024,09:31:13,530.95,543,120,544.25,160,0,103000
FINNIFTY02JAN2422000PE.NFO,02/01/2024,09:31:14,530.95,544.45,160,546.2,160,0,103000
FINNIFTY02JAN2422000PE.NFO,02/01/2024,09:31:15,530.95,545.55,120,547.3,40,0,103000
FINNIFTY02JAN2422000PE.NFO,02/01/2024,09:31:16,530.95,544.95,200,546.75,120,0,103000
FINNIFTY02JAN2422000PE.NFO,02/01/2024,09:31:17,530.95,544.1,280,545.4,160,0,103000
FINNIFTY02JAN2422000PE.NFO,02/01/2024,09:31:18,545.25,544.15,240,545.4,160,40,102880
FINNIFTY02JAN2422000PE.NFO,02/01/2024,09:31:20,545.25,543.4,80,545.05,40,0,102880
FINNIFTY02JAN2422000PE.NFO,02/01/2024,09:31:20,545.25,543.65,40,545.25,40,0,102880
FINNIFTY02JAN2422000PE.NFO,02/01/2024,09:31:21,545.25,544.5,120,545.65,160,0,102880
FINNIFTY02JAN2422000PE.NFO,02/01/2024,09:31:22,545.65,543.5,160,545.1,160,40,102880
FINNIFTY02JAN2422000PE.NFO,02/01/2024,09:31:23,545.65,542.55,40,544.35,40,0,102880
FINNIFTY02JAN2422000PE.NFO,02/01/2024,09:31:25,545.65,543.2,200,544.8,40,0,102880
FINNIFTY02JAN2422000PE.NFO,02/01/2024,09:31:25,545.65,543.6,240,544.9,160,0,102880
FINNIFTY02JAN2422000PE.NFO,02/01/2024,09:31:26,545.65,540.65,40,542.35,200,0,102880
FINNIFTY02JAN2422000PE.NFO,02/01/2024,09:31:27,545.65,540.3,40,541.6,160,0,102880
FINNIFTY02JAN2422000PE.NFO,02/01/2024,09:31:28,545.65,541.05,280,542.35,160,0,102880
FINNIFTY02JAN2422000PE.NFO,02/01/2024,09:31:30,541.25,541.7,40,542.9,160,40,102880
FINNIFTY02JAN2422000PE.NFO,02/01/2024,09:31:31,541.25,541.4,40,542.9,160,0,102880
FINNIFTY02JAN2422000PE.NFO,02/01/2024,09:31:32,541.25,542,120,543.35,160,0,102880
FINNIFTY02JAN2422000PE.NFO,02/01/2024,09:31:32,541.25,542.4,80,543.45,160,0,102880
FINNIFTY02JAN2422000PE.NFO,02/01/2024,09:31:33,542.05,542.05,240,543.15,160,400,102880
FINNIFTY02JAN2422000PE.NFO,02/01/2024,09:31:34,542.05,543.55,40,545.35,80,0,102880
FINNIFTY02JAN2422000PE.NFO,02/01/2024,09:31:35,542.05,544.2,40,545.35,160,0,102880
FINNIFTY02JAN2422000PE.NFO,02/01/2024,09:31:36,542.05,543.9,40,545.35,160,0,102880
FINNIFTY02JAN2422000PE.NFO,02/01/2024,09:31:37,542.05,544.2,240,545.8,280,0,102880
FINNIFTY02JAN2422000PE.NFO,02/01/2024,09:31:38,542.05,544.4,40,545.35,160,0,102880
FINNIFTY02JAN2422000PE.NFO,02/01/2024,09:31:39,542.05,544.05,40,545.45,160,0,102880
FINNIFTY02JAN2422000PE.NFO,02/01/2024,09:31:40,542.05,544.6,40,545.65,160,0,102880
FINNIFTY02JAN2422000PE.NFO,02/01/2024,09:31:41,542.05,545.15,40,546.55,160,0,102880
FINNIFTY02JAN2422000PE.NFO,02/01/2024,09:31:43,542.05,545.2,200,546.25,160,0,102880
FINNIFTY02JAN2422000PE.NFO,02/01/2024,09:31:44,542.05,545.05,240,546.2,160,0,102880
FINNIFTY02JAN2422000PE.NFO,02/01/2024,09:31:44,542.05,544.6,40,546.2,160,0,102880
FINNIFTY02JAN2422000PE.NFO,02/01/2024,09:31:45,542.05,544.65,120,545.75,160,0,102880
FINNIFTY02JAN2422000PE.NFO,02/01/2024,09:31:46,542.05,543.9,80,545.75,160,0,102880
FINNIFTY02JAN2422000PE.NFO,02/01/2024,09:31:47,542.05,544,160,545.85,80,0,102880
FINNIFTY02JAN2422000PE.NFO,02/01/2024,09:31:48,542.05,543.55,160,544.7,160,0,102880
FINNIFTY02JAN2422000PE.NFO,02/01/2024,09:31:50,542.05,543.3,240,544.9,80,0,102880
FINNIFTY02JAN2422000PE.NFO,02/01/2024,09:31:50,542.05,543.35,200,544.5,160,0,102880
FINNIFTY02JAN2422000PE.NFO,02/01/2024,09:31:51,542.05,543.95,160,545.15,160,0,102880
FINNIFTY02JAN2422000PE.NFO,02/01/2024,09:31:52,542.05,544.7,120,545.9,160,0,102880
FINNIFTY02JAN2422000PE.NFO,02/01/2024,09:31:53,542.05,545.2,200,546.6,160,0,102880
FINNIFTY02JAN2422000PE.NFO,02/01/2024,09:31:54,542.05,546.55,160,548.05,40,0,102880
FINNIFTY02JAN2422000PE.NFO,02/01/2024,09:31:56,542.05,546.8,120,548.15,160,0,102880
FINNIFTY02JAN2422000PE.NFO,02/01/2024,09:31:56,542.05,546.9,40,548.15,160,0,102880
FINNIFTY02JAN2422000PE.NFO,02/01/2024,09:31:57,542.05,546.65,40,548.15,80,0,102880
FINNIFTY02JAN2422000PE.NFO,02/01/2024,09:31:58,542.05,545.45,40,547.15,200,0,102880
FINNIFTY02JAN2422000PE.NFO,02/01/2024,09:31:59,542.05,545.35,560,546.8,160,0,102880
FINNIFTY02JAN2422000PE.NFO,02/01/2024,09:32:01,542.05,545.95,40,547.35,160,0,102880
FINNIFTY02JAN2422000PE.NFO,02/01/2024,09:32:01,542.05,546.2,40,547.35,160,0,102880
FINNIFTY02JAN2422000PE.NFO,02/01/2024,09:32:02,542.05,546.2,160,547.45,160,0,102880
FINNIFTY02JAN2422000PE.NFO,02/01/2024,09:32:03,542.05,546.55,160,548.15,160,0,102880
FINNIFTY02JAN2422000PE.NFO,02/01/2024,09:32:04,542.05,548.15,120,550.25,40,0,102880
FINNIFTY02JAN2422000PE.NFO,02/01/2024,09:32:05,542.05,547.2,320,548.5,160,0,102880
FINNIFTY02JAN2422000PE.NFO,02/01/2024,09:32:07,542.05,548.1,240,549.4,160,0,102880
FINNIFTY02JAN2422000PE.NFO,02/01/2024,09:32:07,542.05,547.25,360,548.95,40,0,102880
FINNIFTY02JAN2422000PE.NFO,02/01/2024,09:32:08,542.05,548.25,160,550.1,200,0,102880
FINNIFTY02JAN2422000PE.NFO,02/01/2024,09:32:09,542.05,548.2,160,549.85,80,0,102880
FINNIFTY02JAN2422000PE.NFO,02/01/2024,09:32:10,542.05,547.55,120,549.5,160,0,102880
FINNIFTY02JAN2422000PE.NFO,02/01/2024,09:32:12,542.05,547,200,548.7,80,0,102880
FINNIFTY02JAN2422000PE.NFO,02/01/2024,09:32:12,542.05,546.5,200,548.25,120,0,102880
FINNIFTY02JAN2422000PE.NFO,02/01/2024,09:32:13,542.05,545.45,200,546.8,160,0,102880
FINNIFTY02JAN2422000PE.NFO,02/01/2024,09:32:14,542.05,546.75,160,547.85,160,0,102880
FINNIFTY02JAN2422000PE.NFO,02/01/2024,09:32:15,542.05,547.6,160,549.5,1840,0,102880
FINNIFTY02JAN2422000PE.NFO,02/01/2024,09:32:17,542.05,547.9,160,549.05,160,0,102880
FINNIFTY02JAN2422000PE.NFO,02/01/2024,09:32:17,542.05,547.95,120,549.05,160,0,102880
FINNIFTY02JAN2422000PE.NFO,02/01/2024,09:32:18,542.05,548.95,400,551.3,1160,0,102880
FINNIFTY02JAN2422000PE.NFO,02/01/2024,09:32:19,542.05,550.55,120,552.2,160,0,102880
FINNIFTY02JAN2422000PE.NFO,02/01/2024,09:32:20,542.05,550.25,120,552.25,120,0,102880
FINNIFTY02JAN2422000PE.NFO,02/01/2024,09:32:21,542.05,550.25,40,551.7,160,0,102880
FINNIFTY02JAN2422000PE.NFO,02/01/2024,09:32:22,542.05,549.85,400,551.75,200,0,102880
FINNIFTY02JAN2422000PE.NFO,02/01/2024,09:32:24,542.05,550.75,120,552.3,160,0,102880
FINNIFTY02JAN2422000PE.NFO,02/01/2024,09:32:25,542.05,551,120,552.25,160,0,102880
FINNIFTY02JAN2422000PE.NFO,02/01/2024,09:32:25,542.05,550.8,240,552.25,160,0,102880
FINNIFTY02JAN2422000PE.NFO,02/01/2024,09:32:26,542.05,550,160,551.85,200,0,102880
FINNIFTY02JAN2422000PE.NFO,02/01/2024,09:32:27,542.05,549.5,160,551.2,160,0,102880
FINNIFTY02JAN2422000PE.NFO,02/01/2024,09:32:28,542.05,549.3,120,550.3,160,0,102880
FINNIFTY02JAN2422000PE.NFO,02/01/2024,09:32:30,542.05,548.25,120,549.9,80,0,102880
FINNIFTY02JAN2422000PE.NFO,02/01/2024,09:32:30,542.05,548.05,80,549.85,40,0,102880
FINNIFTY02JAN2422000PE.NFO,02/01/2024,09:32:31,542.05,548.45,120,549.9,160,0,102880
FINNIFTY02JAN2422000PE.NFO,02/01/2024,09:32:33,542.05,548.95,120,550.1,160,0,102880
FINNIFTY02JAN2422000PE.NFO,02/01/2024,09:32:33,542.05,548.95,200,550.05,160,0,102880
FINNIFTY02JAN2422000PE.NFO,02/01/2024,09:32:34,542.05,548.7,160,549.95,160,0,102880
FINNIFTY02JAN2422000PE.NFO,02/01/2024,09:32:35,542.05,549.45,160,550.45,160,0,102880
FINNIFTY02JAN2422000PE.NFO,02/01/2024,09:32:36,542.05,549.65,40,550.85,160,0,102880
FINNIFTY02JAN2422000PE.NFO,02/01/2024,09:32:37,542.05,550.55,120,552,160,0,102880
FINNIFTY02JAN2422000PE.NFO,02/01/2024,09:32:38,542.05,550.8,120,552.55,160,0,102880
FINNIFTY02JAN2422000PE.NFO,02/01/2024,09:32:39,542.05,551.25,120,552.55,160,0,102880
FINNIFTY02JAN2422000PE.NFO,02/01/2024,09:32:40,542.05,551.2,240,552.65,160,0,102880
FINNIFTY02JAN2422000PE.NFO,02/01/2024,09:32:41,542.05,550.6,120,552.45,320,0,102880
FINNIFTY02JAN2422000PE.NFO,02/01/2024,09:32:42,542.05,550.85,120,552.6,80,0,102880
FINNIFTY02JAN2422000PE.NFO,02/01/2024,09:32:43,542.05,551.9,240,553.55,120,0,102880
FINNIFTY02JAN2422000PE.NFO,02/01/2024,09:32:44,542.05,550.8,200,552.6,520,0,102880
FINNIFTY02JAN2422000PE.NFO,02/01/2024,09:32:45,542.05,551.55,40,552.95,160,0,102880
FINNIFTY02JAN2422000PE.NFO,02/01/2024,09:32:46,542.05,551.15,240,552.65,160,0,102880
FINNIFTY02JAN2422000PE.NFO,02/01/2024,09:32:47,542.05,550.7,40,552.55,80,0,102880
FINNIFTY02JAN2422000PE.NFO,02/01/2024,09:32:48,542.05,549.15,280,551.05,40,0,102880
FINNIFTY02JAN2422000PE.NFO,02/01/2024,09:32:49,542.05,549.35,120,551.05,120,0,102880
FINNIFTY02JAN2422000PE.NFO,02/01/2024,09:32:50,542.05,548.45,200,550.55,200,0,102880
FINNIFTY02JAN2422000PE.NFO,02/01/2024,09:32:51,542.05,549.8,120,551.4,160,0,102880
FINNIFTY02JAN2422000PE.NFO,02/01/2024,09:32:52,542.05,549.85,200,551.1,160,0,102880
FINNIFTY02JAN2422000PE.NFO,02/01/2024,09:32:53,542.05,550,560,551.9,240,0,102880
FINNIFTY02JAN2422000PE.NFO,02/01/2024,09:32:54,542.05,548.9,40,550.9,160,0,102880
FINNIFTY02JAN2422000PE.NFO,02/01/2024,09:32:55,542.05,549.6,80,550.85,160,0,102880
FINNIFTY02JAN2422000PE.NFO,02/01/2024,09:32:56,542.05,549.85,160,551.05,160,0,102880
FINNIFTY02JAN2422000PE.NFO,02/01/2024,09:32:57,542.05,549.7,80,551.15,160,0,102880
FINNIFTY02JAN2422000PE.NFO,02/01/2024,09:32:58,542.05,549.55,40,551.45,2840,0,102880
FINNIFTY02JAN2422000PE.NFO,02/01/2024,09:32:59,542.05,548.15,120,549.95,120,0,102880
FINNIFTY02JAN2422000PE.NFO,02/01/2024,09:33:00,542.05,547.85,200,549.75,40,0,102880
FINNIFTY02JAN2422000PE.NFO,02/01/2024,09:33:01,542.05,547.95,120,549.8,40,0,102880
FINNIFTY02JAN2422000PE.NFO,02/01/2024,09:33:02,542.05,547.65,120,549.5,240,0,102880
FINNIFTY02JAN2422000PE.NFO,02/01/2024,09:33:03,542.05,547.9,120,549.1,160,0,102880
FINNIFTY02JAN2422000PE.NFO,02/01/2024,09:33:04,542.05,548.15,120,549.35,160,0,102880
FINNIFTY02JAN2422000PE.NFO,02/01/2024,09:33:05,542.05,548.1,120,549.25,160,0,102880
FINNIFTY02JAN2422000PE.NFO,02/01/2024,09:33:07,542.05,548.25,160,549.4,160,0,102880
FINNIFTY02JAN2422000PE.NFO,02/01/2024,09:33:08,542.05,549,240,550.2,160,0,102880
FINNIFTY02JAN2422000PE.NFO,02/01/2024,09:33:08,542.05,548.55,120,550.2,160,0,102880
FINNIFTY02JAN2422000PE.NFO,02/01/2024,09:33:09,542.05,548.4,160,549.7,160,0,102880
FINNIFTY02JAN2422000PE.NFO,02/01/2024,09:33:10,542.05,548.6,160,550.5,480,0,102880
FINNIFTY02JAN2422000PE.NFO,02/01/2024,09:33:12,542.05,549.05,120,550.3,160,0,102880
FINNIFTY02JAN2422000PE.NFO,02/01/2024,09:33:13,542.05,549.6,160,550.75,160,0,102880
FINNIFTY02JAN2422000PE.NFO,02/01/2024,09:33:13,542.05,549.45,160,550.75,160,0,102880
FINNIFTY02JAN2422000PE.NFO,02/01/2024,09:33:14,542.05,550.6,120,551.65,160,0,102880
FINNIFTY02JAN2422000PE.NFO,02/01/2024,09:33:15,542.05,551.7,160,553.9,240,0,102880
FINNIFTY02JAN2422000PE.NFO,02/01/2024,09:33:17,542.05,552.15,120,553.85,120,0,102880
FINNIFTY02JAN2422000PE.NFO,02/01/2024,09:33:18,542.05,551.7,200,553.45,80,0,102880
FINNIFTY02JAN2422000PE.NFO,02/01/2024,09:33:18,542.05,551.2,320,553,480,0,102880
FINNIFTY02JAN2422000PE.NFO,02/01/2024,09:33:19,542.05,549.9,1800,552.05,80,0,102880
FINNIFTY02JAN2422000PE.NFO,02/01/2024,09:33:20,542.05,550.9,1320,552.65,160,0,102880
FINNIFTY02JAN2422000PE.NFO,02/01/2024,09:33:22,542.05,551.05,40,552.3,160,0,102880
FINNIFTY02JAN2422000PE.NFO,02/01/2024,09:33:23,542.05,550.5,3160,552.6,40,0,102880
FINNIFTY02JAN2422000PE.NFO,02/01/2024,09:33:23,542.05,550.9,120,552.9,160,0,102880
FINNIFTY02JAN2422000PE.NFO,02/01/2024,09:33:24,542.05,552.1,120,553.55,160,0,102880
FINNIFTY02JAN2422000PE.NFO,02/01/2024,09:33:25,542.05,553.7,160,555.95,520,0,102880
FINNIFTY02JAN2422000PE.NFO,02/01/2024,09:33:26,542.05,552.95,120,554.7,160,0,102880
FINNIFTY02JAN2422000PE.NFO,02/01/2024,09:33:28,542.05,553.15,200,555.05,40,0,102880
FINNIFTY02JAN2422000PE.NFO,02/01/2024,09:33:29,542.05,553.05,160,554.3,160,0,102880
FINNIFTY02JAN2422000PE.NFO,02/01/2024,09:33:29,542.05,553,200,554.2,160,0,102880
FINNIFTY02JAN2422000PE.NFO,02/01/2024,09:33:30,542.05,551.7,160,553.65,160,0,102880
FINNIFTY02JAN2422000PE.NFO,02/01/2024,09:33:32,542.05,551.5,1880,552.95,160,0,102880
FINNIFTY02JAN2422000PE.NFO,02/01/2024,09:33:33,542.05,550.65,40,552.4,160,0,102880
FINNIFTY02JAN2422000PE.NFO,02/01/2024,09:33:33,542.05,550.6,120,552.35,80,0,102880
FINNIFTY02JAN2422000PE.NFO,02/01/2024,09:33:34,542.05,551.25,40,552.5,160,0,102880
FINNIFTY02JAN2422000PE.NFO,02/01/2024,09:33:35,542.05,551.85,120,553,160,0,102880
FINNIFTY02JAN2422000PE.NFO,02/01/2024,09:33:37,542.05,551.3,2240,553,160,0,102880
FINNIFTY02JAN2422000PE.NFO,02/01/2024,09:33:38,542.05,549.85,480,551,160,0,102880
FINNIFTY02JAN2422000PE.NFO,02/01/2024,09:33:38,542.05,549.9,120,551,160,0,102880
FINNIFTY02JAN2422000PE.NFO,02/01/2024,09:33:39,542.05,550.55,120,551.95,160,0,102880
FINNIFTY02JAN2422000PE.NFO,02/01/2024,09:33:40,542.05,550.95,160,552.05,160,0,102880
FINNIFTY02JAN2422000PE.NFO,02/01/2024,09:33:42,542.05,550.65,160,552.45,280,0,102880
FINNIFTY02JAN2422000PE.NFO,02/01/2024,09:33:43,542.05,548.55,280,550.65,200,0,102880
FINNIFTY02JAN2422000PE.NFO,02/01/2024,09:33:43,542.05,548.45,120,549.7,160,0,102880
FINNIFTY02JAN2422000PE.NFO,02/01/2024,09:33:44,542.05,548.85,1320,550.15,160,0,102880
FINNIFTY02JAN2422000PE.NFO,02/01/2024,09:33:45,542.05,548.25,120,550.25,80,0,102880
FINNIFTY02JAN2422000PE.NFO,02/01/2024,09:33:46,542.05,549.45,160,550.55,160,0,102880
FINNIFTY02JAN2422000PE.NFO,02/01/2024,09:33:47,542.05,548.9,120,550.5,80,0,102880
FINNIFTY02JAN2422000PE.NFO,02/01/2024,09:33:49,542.05,548.9,120,549.85,160,0,102880
FINNIFTY02JAN2422000PE.NFO,02/01/2024,09:33:50,542.05,547.35,120,549,160,0,102880
FINNIFTY02JAN2422000PE.NFO,02/01/2024,09:33:51,542.05,546.1,160,547.2,160,0,102880
FINNIFTY02JAN2422000PE.NFO,02/01/2024,09:33:52,542.05,545.75,120,547.3,160,0,102880
FINNIFTY02JAN2422000PE.NFO,02/01/2024,09:33:53,542.05,544,200,546.15,40,0,102880
FINNIFTY02JAN2422000PE.NFO,02/01/2024,09:33:54,542.05,544.45,560,545.9,160,0,102880
FINNIFTY02JAN2422000PE.NFO,02/01/2024,09:33:55,542.05,545.25,160,546.6,160,0,102880
FINNIFTY02JAN2422000PE.NFO,02/01/2024,09:33:56,542.05,544.25,2280,546.1,120,0,102880
FINNIFTY02JAN2422000PE.NFO,02/01/2024,09:33:57,542.05,544.9,520,546.35,160,0,102880
FINNIFTY02JAN2422000PE.NFO,02/01/2024,09:33:58,542.05,544.65,120,546.6,160,0,102880
FINNIFTY02JAN2422000PE.NFO,02/01/2024,09:33:59,542.05,545.4,160,546.6,160,0,102880
FINNIFTY02JAN2422000PE.NFO,02/01/2024,09:34:00,542.05,545.95,200,547.4,160,0,102880
FINNIFTY02JAN2422000PE.NFO,02/01/2024,09:34:00,542.05,545.7,160,547.4,160,0,102880
FINNIFTY02JAN2422000PE.NFO,02/01/2024,09:34:01,542.05,545.75,40,547.4,160,0,102880
FINNIFTY02JAN2422000PE.NFO,02/01/2024,09:34:02,542.05,547.1,360,548.3,160,0,102880
FINNIFTY02JAN2422000PE.NFO,02/01/2024,09:34:04,542.05,547,40,548.4,160,0,102880
FINNIFTY02JAN2422000PE.NFO,02/01/2024,09:34:05,542.05,547.25,200,548.6,160,0,102880
FINNIFTY02JAN2422000PE.NFO,02/01/2024,09:34:05,542.05,547.2,120,548.6,160,0,102880
FINNIFTY02JAN2422000PE.NFO,02/01/2024,09:34:07,542.05,547.9,120,548.9,160,0,102880
FINNIFTY02JAN2422000PE.NFO,02/01/2024,09:34:07,542.05,547.85,200,549.15,160,0,102880
FINNIFTY02JAN2422000PE.NFO,02/01/2024,09:34:08,542.05,547.9,1240,549.6,160,0,102880
FINNIFTY02JAN2422000PE.NFO,02/01/2024,09:34:09,542.05,548.1,160,549.3,160,0,102880
FINNIFTY02JAN2422000PE.NFO,02/01/2024,09:34:11,542.05,548.75,160,549.85,160,0,102880
FINNIFTY02JAN2422000PE.NFO,02/01/2024,09:34:12,542.05,548.65,120,549.7,160,0,102880
FINNIFTY02JAN2422000PE.NFO,02/01/2024,09:34:12,542.05,548.75,160,549.7,160,0,102880
FINNIFTY02JAN2422000PE.NFO,02/01/2024,09:34:13,542.05,548.4,120,549.55,160,0,102880
FINNIFTY02JAN2422000PE.NFO,02/01/2024,09:34:14,542.05,548.15,120,549.15,160,0,102880
FINNIFTY02JAN2422000PE.NFO,02/01/2024,09:34:16,542.05,548.4,40,549.4,160,0,102880
FINNIFTY02JAN2422000PE.NFO,02/01/2024,09:34:17,542.05,548.8,200,551.05,40,0,102880
FINNIFTY02JAN2422000PE.NFO,02/01/2024,09:34:18,542.05,548.45,200,549.5,160,0,102880
FINNIFTY02JAN2422000PE.NFO,02/01/2024,09:34:18,542.05,548.55,120,549.85,160,0,102880
FINNIFTY02JAN2422000PE.NFO,02/01/2024,09:34:19,542.05,549.85,120,551,160,0,102880
FINNIFTY02JAN2422000PE.NFO,02/01/2024,09:34:20,542.05,549.35,80,551.1,160,0,102880
FINNIFTY02JAN2422000PE.NFO,02/01/2024,09:34:22,542.05,550.55,120,551.5,160,0,102880
FINNIFTY02JAN2422000PE.NFO,02/01/2024,09:34:23,542.05,550.85,560,551.95,160,0,102880
FINNIFTY02JAN2422000PE.NFO,02/01/2024,09:34:23,542.05,550.9,200,551.95,160,0,102880
FINNIFTY02JAN2422000PE.NFO,02/01/2024,09:34:24,542.05,552.45,120,553.65,160,0,102880
FINNIFTY02JAN2422000PE.NFO,02/01/2024,09:34:25,542.05,552.85,80,554.15,160,0,102880
FINNIFTY02JAN2422000PE.NFO,02/01/2024,09:34:26,542.05,552.95,200,554.3,160,0,102880
FINNIFTY02JAN2422000PE.NFO,02/01/2024,09:34:27,542.05,552.1,160,553.65,160,0,102880
FINNIFTY02JAN2422000PE.NFO,02/01/2024,09:34:29,542.05,552.05,120,553.05,160,0,102880
FINNIFTY02JAN2422000PE.NFO,02/01/2024,09:34:30,542.05,553.05,240,554.3,160,0,102880
FINNIFTY02JAN2422000PE.NFO,02/01/2024,09:34:30,542.05,552.45,40,554.1,160,0,102880
FINNIFTY02JAN2422000PE.NFO,02/01/2024,09:34:31,542.05,552.45,280,553.8,160,0,102880
FINNIFTY02JAN2422000PE.NFO,02/01/2024,09:34:33,542.05,551.8,160,553.15,160,0,102880
FINNIFTY02JAN2422000PE.NFO,02/01/2024,09:34:34,542.05,551.3,120,552.8,160,0,102880
FINNIFTY02JAN2422000PE.NFO,02/01/2024,09:34:34,542.05,551.35,120,552.7,160,0,102880
FINNIFTY02JAN2422000PE.NFO,02/01/2024,09:34:35,542.05,551.4,240,552.75,160,0,102880
FINNIFTY02JAN2422000PE.NFO,02/01/2024,09:34:36,542.05,551.4,120,552.45,160,0,102880
FINNIFTY02JAN2422000PE.NFO,02/01/2024,09:34:37,542.05,551.7,160,552.7,160,0,102880
FINNIFTY02JAN2422000PE.NFO,02/01/2024,09:34:38,553.9,551.95,120,553.05,160,160,102840
FINNIFTY02JAN2422000PE.NFO,02/01/2024,09:34:39,553.9,552,160,553.4,160,0,102840
FINNIFTY02JAN2422000PE.NFO,02/01/2024,09:34:41,553.9,551.3,40,552.45,160,0,102840
FINNIFTY02JAN2422000PE.NFO,02/01/2024,09:34:42,553.9,550.15,80,551.7,40,0,102840
FINNIFTY02JAN2422000PE.NFO,02/01/2024,09:34:43,553.9,549.45,80,551,40,0,102840
FINNIFTY02JAN2422000PE.NFO,02/01/2024,09:34:44,553.9,549.9,120,551.05,160,0,102840
FINNIFTY02JAN2422000PE.NFO,02/01/2024,09:34:45,553.9,550.45,80,551.4,160,0,102840
FINNIFTY02JAN2422000PE.NFO,02/01/2024,09:34:46,553.9,550.2,200,551.25,160,0,102840
FINNIFTY02JAN2422000PE.NFO,02/01/2024,09:34:47,553.9,550.35,40,551.4,160,0,102840
FINNIFTY02JAN2422000PE.NFO,02/01/2024,09:34:48,553.9,550.1,120,551.25,160,0,102840
FINNIFTY02JAN2422000PE.NFO,02/01/2024,09:34:49,553.9,550.35,560,552.05,40,0,102840
FINNIFTY02JAN2422000PE.NFO,02/01/2024,09:34:50,553.9,550.25,240,551.4,160,0,102840
FINNIFTY02JAN2422000PE.NFO,02/01/2024,09:34:51,553.9,550.8,120,551.65,160,0,102840
FINNIFTY02JAN2422000PE.NFO,02/01/2024,09:34:52,553.9,551.65,40,553.45,40,0,102840
FINNIFTY02JAN2422000PE.NFO,02/01/2024,09:34:53,553.9,551.75,40,552.8,160,0,102840
FINNIFTY02JAN2422000PE.NFO,02/01/2024,09:34:54,553.9,552.15,40,553.15,160,0,102840
FINNIFTY02JAN2422000PE.NFO,02/01/2024,09:34:54,553.9,552.2,40,553.15,160,0,102840
FINNIFTY02JAN2422000PE.NFO,02/01/2024,09:34:55,553.9,551.7,120,553,160,0,102840
FINNIFTY02JAN2422000PE.NFO,02/01/2024,09:34:56,553.9,552.05,200,553.6,40,0,102840
FINNIFTY02JAN2422000PE.NFO,02/01/2024,09:34:57,553.9,550.6,120,552.1,40,0,102840
FINNIFTY02JAN2422000PE.NFO,02/01/2024,09:34:58,553.9,550.05,160,551,160,0,102840
FINNIFTY02JAN2422000PE.NFO,02/01/2024,09:34:59,553.9,548.7,200,550.3,40,0,102840
FINNIFTY02JAN2422000PE.NFO,02/01/2024,09:35:00,553.9,547.6,200,548.95,160,0,102840
FINNIFTY02JAN2422000PE.NFO,02/01/2024,09:35:02,553.9,548.2,80,549.8,160,0,102840
FINNIFTY02JAN2422000PE.NFO,02/01/2024,09:35:03,553.9,548.45,40,549.65,160,0,102840
FINNIFTY02JAN2422000PE.NFO,02/01/2024,09:35:04,553.9,547.75,160,549.2,40,0,102840
FINNIFTY02JAN2422000PE.NFO,02/01/2024,09:35:05,553.9,547.7,40,549.35,400,0,102840
FINNIFTY02JAN2422000PE.NFO,02/01/2024,09:35:06,553.9,547.4,240,548.9,160,0,102840
FINNIFTY02JAN2422000PE.NFO,02/01/2024,09:35:07,553.9,547.65,40,548.8,160,0,102840
FINNIFTY02JAN2422000PE.NFO,02/01/2024,09:35:08,553.9,546.9,1960,548.25,160,0,102840
FINNIFTY02JAN2422000PE.NFO,02/01/2024,09:35:09,553.9,547.7,240,549.15,160,0,102840
FINNIFTY02JAN2422000PE.NFO,02/01/2024,09:35:09,553.9,547.75,240,549.15,160,0,102840
FINNIFTY02JAN2422000PE.NFO,02/01/2024,09:35:10,553.9,549.05,200,550.3,160,0,102840
FINNIFTY02JAN2422000PE.NFO,02/01/2024,09:35:11,553.9,549.95,200,551.25,160,0,102840
FINNIFTY02JAN2422000PE.NFO,02/01/2024,09:35:13,553.9,549.7,200,551.55,160,0,102840
FINNIFTY02JAN2422000PE.NFO,02/01/2024,09:35:14,553.9,549.2,200,550.8,120,0,102840
FINNIFTY02JAN2422000PE.NFO,02/01/2024,09:35:15,553.9,549.3,160,550.45,160,0,102840
FINNIFTY02JAN2422000PE.NFO,02/01/2024,09:35:16,553.9,549.6,80,550.8,160,0,102840
FINNIFTY02JAN2422000PE.NFO,02/01/2024,09:35:17,553.9,549.6,120,551.45,360,0,102840
FINNIFTY02JAN2422000PE.NFO,02/01/2024,09:35:18,553.9,548.75,160,550.6,520,0,102840
FINNIFTY02JAN2422000PE.NFO,02/01/2024,09:35:19,553.9,548.4,200,549.8,160,0,102840
FINNIFTY02JAN2422000PE.NFO,02/01/2024,09:35:20,553.9,547.9,120,549.5,120,0,102840
FINNIFTY02JAN2422000PE.NFO,02/01/2024,09:35:21,553.9,546.4,120,548.1,200,0,102840
FINNIFTY02JAN2422000PE.NFO,02/01/2024,09:35:22,553.9,546.95,160,548.95,240,0,102840
FINNIFTY02JAN2422000PE.NFO,02/01/2024,09:35:23,553.9,548,80,549.9,920,0,102840
FINNIFTY02JAN2422000PE.NFO,02/01/2024,09:35:24,553.9,548.15,200,549.2,160,0,102840
FINNIFTY02JAN2422000PE.NFO,02/01/2024,09:35:25,553.9,547.5,200,548.65,160,0,102840
FINNIFTY02JAN2422000PE.NFO,02/01/2024,09:35:26,553.9,547.6,120,548.7,160,0,102840
FINNIFTY02JAN2422000PE.NFO,02/01/2024,09:35:27,553.9,547.7,120,548.85,160,0,102840
FINNIFTY02JAN2422000PE.NFO,02/01/2024,09:35:28,553.9,548.05,160,549.45,160,0,102840
FINNIFTY02JAN2422000PE.NFO,02/01/2024,09:35:29,553.9,548.1,120,549.15,160,0,102840
FINNIFTY02JAN2422000PE.NFO,02/01/2024,09:35:30,553.9,548.95,240,550.05,160,0,102840
FINNIFTY02JAN2422000PE.NFO,02/01/2024,09:35:31,553.9,549.35,120,550.45,160,0,102840
FINNIFTY02JAN2422000PE.NFO,02/01/2024,09:35:32,553.9,548.65,40,550.1,160,0,102840
FINNIFTY02JAN2422000PE.NFO,02/01/2024,09:35:33,553.9,549.1,160,550.4,160,0,102840
FINNIFTY02JAN2422000PE.NFO,02/01/2024,09:35:34,553.9,548.35,200,550.15,40,0,102840
FINNIFTY02JAN2422000PE.NFO,02/01/2024,09:35:35,553.9,548.75,120,549.95,160,0,102840
FINNIFTY02JAN2422000PE.NFO,02/01/2024,09:35:35,553.9,548.8,160,549.95,160,0,102840
FINNIFTY02JAN2422000PE.NFO,02/01/2024,09:35:36,553.9,549.85,120,551.5,480,0,102840
FINNIFTY02JAN2422000PE.NFO,02/01/2024,09:35:38,553.9,550.6,120,551.6,160,0,102840
FINNIFTY02JAN2422000PE.NFO,02/01/2024,09:35:39,553.9,550.75,120,551.75,160,0,102840
FINNIFTY02JAN2422000PE.NFO,02/01/2024,09:35:40,553.9,550.9,320,552,160,0,102840
FINNIFTY02JAN2422000PE.NFO,02/01/2024,09:35:40,553.9,551.1,120,552.15,160,0,102840
FINNIFTY02JAN2422000PE.NFO,02/01/2024,09:35:41,553.9,550.9,120,552.1,160,0,102840
FINNIFTY02JAN2422000PE.NFO,02/01/2024,09:35:43,553.9,550.9,120,552,160,0,102840
FINNIFTY02JAN2422000PE.NFO,02/01/2024,09:35:44,553.9,550.75,320,551.85,160,0,102840
FINNIFTY02JAN2422000PE.NFO,02/01/2024,09:35:45,553.9,551.85,160,552.95,160,0,102840
FINNIFTY02JAN2422000PE.NFO,02/01/2024,09:35:45,553.9,552.15,80,553.45,160,0,102840
FINNIFTY02JAN2422000PE.NFO,02/01/2024,09:35:46,553.9,552.9,160,554.05,160,0,102840
FINNIFTY02JAN2422000PE.NFO,02/01/2024,09:35:47,553.9,553,2160,554.65,160,0,102840
FINNIFTY02JAN2422000PE.NFO,02/01/2024,09:35:48,553.9,553.25,200,554.3,160,0,102840
FINNIFTY02JAN2422000PE.NFO,02/01/2024,09:35:50,553.9,552.85,120,553.85,160,0,102840
FINNIFTY02JAN2422000PE.NFO,02/01/2024,09:35:51,553.9,552.95,160,554.05,160,0,102840
FINNIFTY02JAN2422000PE.NFO,02/01/2024,09:35:52,553.9,552.75,240,554,160,0,102840
FINNIFTY02JAN2422000PE.NFO,02/01/2024,09:35:53,553.9,553.05,120,554.1,160,0,102840
FINNIFTY02JAN2422000PE.NFO,02/01/2024,09:35:53,553.9,553.05,200,554.2,160,0,102840
FINNIFTY02JAN2422000PE.NFO,02/01/2024,09:35:54,553.9,553.8,160,554.8,160,0,102840
FINNIFTY02JAN2422000PE.NFO,02/01/2024,09:35:55,553.9,554.15,240,555.55,160,0,102840
FINNIFTY02JAN2422000PE.NFO,02/01/2024,09:35:56,553.9,554.65,40,556,160,0,102840
FINNIFTY02JAN2422000PE.NFO,02/01/2024,09:35:57,553.9,554.6,120,556.25,200,0,102840
FINNIFTY02JAN2422000PE.NFO,02/01/2024,09:35:58,553.9,553.85,120,555.7,40,0,102840
FINNIFTY02JAN2422000PE.NFO,02/01/2024,09:36:00,553.9,553.85,80,555.6,40,0,102840
FINNIFTY02JAN2422000PE.NFO,02/01/2024,09:36:01,553.9,554.85,200,556.55,560,0,102840
FINNIFTY02JAN2422000PE.NFO,02/01/2024,09:36:02,553.9,554.7,120,555.75,160,0,102840
FINNIFTY02JAN2422000PE.NFO,02/01/2024,09:36:02,553.9,554.7,440,556,160,0,102840
FINNIFTY02JAN2422000PE.NFO,02/01/2024,09:36:03,553.9,554.45,160,556.2,80,0,102840
FINNIFTY02JAN2422000PE.NFO,02/01/2024,09:36:05,553.9,554.2,240,555.6,160,0,102840
FINNIFTY02JAN2422000PE.NFO,02/01/2024,09:36:06,553.9,554,320,555.55,160,0,102840
FINNIFTY02JAN2422000PE.NFO,02/01/2024,09:36:07,553.9,553.85,1400,555.1,160,0,102840
FINNIFTY02JAN2422000PE.NFO,02/01/2024,09:36:07,553.9,553.95,160,555.1,160,0,102840
FINNIFTY02JAN2422000PE.NFO,02/01/2024,09:36:08,553.9,552.9,200,554.65,40,0,102840
FINNIFTY02JAN2422000PE.NFO,02/01/2024,09:36:10,553.9,553.25,200,555.15,40,0,102840
FINNIFTY02JAN2422000PE.NFO,02/01/2024,09:36:11,553.9,553.05,200,554.3,160,0,102840
FINNIFTY02JAN2422000PE.NFO,02/01/2024,09:36:12,553.9,553.4,160,554.45,160,0,102840
FINNIFTY02JAN2422000PE.NFO,02/01/2024,09:36:12,553.9,553.35,160,554.45,160,0,102840
FINNIFTY02JAN2422000PE.NFO,02/01/2024,09:36:13,553.9,554.15,160,555.3,160,0,102840
FINNIFTY02JAN2422000PE.NFO,02/01/2024,09:36:14,553.9,554.9,960,556.3,160,0,102840
FINNIFTY02JAN2422000PE.NFO,02/01/2024,09:36:15,553.9,555.65,160,556.9,160,0,102840
FINNIFTY02JAN2422000PE.NFO,02/01/2024,09:36:16,553.9,557.4,120,558.95,160,0,102840
FINNIFTY02JAN2422000PE.NFO,02/01/2024,09:36:18,553.9,558.25,80,559.7,160,0,102840
FINNIFTY02JAN2422000PE.NFO,02/01/2024,09:36:19,553.9,557.65,320,559.6,40,0,102840
FINNIFTY02JAN2422000PE.NFO,02/01/2024,09:36:20,553.9,557.25,120,558.7,160,0,102840
FINNIFTY02JAN2422000PE.NFO,02/01/2024,09:36:20,553.9,557.25,200,558.7,160,0,102840
FINNIFTY02JAN2422000PE.NFO,02/01/2024,09:36:21,553.9,557.85,240,559.35,160,0,102840
FINNIFTY02JAN2422000PE.NFO,02/01/2024,09:36:23,553.9,558.1,240,559.2,160,0,102840
FINNIFTY02JAN2422000PE.NFO,02/01/2024,09:36:24,553.9,556.5,200,558.3,200,0,102840
FINNIFTY02JAN2422000PE.NFO,02/01/2024,09:36:25,553.9,556,160,557.55,160,0,102840
FINNIFTY02JAN2422000PE.NFO,02/01/2024,09:36:25,553.9,554.9,2600,556.85,240,0,102840
FINNIFTY02JAN2422000PE.NFO,02/01/2024,09:36:26,553.9,555.4,120,556.5,160,0,102840
FINNIFTY02JAN2422000PE.NFO,02/01/2024,09:36:27,553.9,555.15,40,557.2,200,0,102840
FINNIFTY02JAN2422000PE.NFO,02/01/2024,09:36:28,553.9,555.1,120,556.3,160,0,102840
FINNIFTY02JAN2422000PE.NFO,02/01/2024,09:36:29,553.9,553.45,120,555.25,120,0,102840
FINNIFTY02JAN2422000PE.NFO,02/01/2024,09:36:31,553.9,553.8,40,555.35,160,0,102840
FINNIFTY02JAN2422000PE.NFO,02/01/2024,09:36:32,553.9,553.95,80,555.55,160,0,102840
FINNIFTY02JAN2422000PE.NFO,02/01/2024,09:36:33,553.9,554.4,40,555.45,160,0,102840
FINNIFTY02JAN2422000PE.NFO,02/01/2024,09:36:34,553.9,554.8,40,555.95,160,0,102840
FINNIFTY02JAN2422000PE.NFO,02/01/2024,09:36:35,553.9,554,40,555.95,160,0,102840
FINNIFTY02JAN2422000PE.NFO,02/01/2024,09:36:35,553.9,554.25,160,555.95,200,0,102840
