Ticker,Date,Time,LTP,BuyPrice,BuyQty,SellPrice,SellQty,LTQ,OpenInterest
FINNIFTY02JAN2421050PE.NFO,02/01/2024,09:15:00,1.9,0.75,240,0.95,360,3880,713000
FINNIFTY02JAN2421050PE.NFO,02/01/2024,09:15:00,1.9,0.75,240,0.95,360,0,713000
FINNIFTY02JAN2421050PE.NFO,02/01/2024,09:15:00,1.95,0.75,240,0.95,360,0,713000
FINNIFTY02JAN2421050PE.NFO,02/01/2024,09:15:00,0.7,0.75,240,0.95,360,0,713000
FINNIFTY02JAN2421050PE.NFO,02/01/2024,09:15:01,0.95,0.95,2200,1,5000,6720,713000
FINNIFTY02JAN2421050PE.NFO,02/01/2024,09:15:02,1.05,1,3600,1.05,520,12760,713000
FINNIFTY02JAN2421050PE.NFO,02/01/2024,09:15:02,1.05,1,3120,1.05,1520,360,713000
FINNIFTY02JAN2421050PE.NFO,02/01/2024,09:15:03,0.9,0.85,520,0.9,1760,32840,713000
FINNIFTY02JAN2421050PE.NFO,02/01/2024,09:15:04,0.95,0.95,1160,1,960,20440,713000
FINNIFTY02JAN2421050PE.NFO,02/01/2024,09:15:05,1,1,4480,1.05,1520,28840,713000
FINNIFTY02JAN2421050PE.NFO,02/01/2024,09:15:06,0.9,0.85,2200,0.9,6560,28640,713000
FINNIFTY02JAN2421050PE.NFO,02/01/2024,09:15:07,0.85,0.8,5120,0.85,1760,33560,713000
FINNIFTY02JAN2421050PE.NFO,02/01/2024,09:15:09,0.85,0.8,16320,0.85,10640,9600,713000
FINNIFTY02JAN2421050PE.NFO,02/01/2024,09:15:10,0.9,0.85,17440,0.9,2080,17760,713000
FINNIFTY02JAN2421050PE.NFO,02/01/2024,09:15:11,0.85,0.85,5240,0.9,4560,69880,713000
FINNIFTY02JAN2421050PE.NFO,02/01/2024,09:15:12,0.9,0.85,18880,0.9,1280,18720,713000
FINNIFTY02JAN2421050PE.NFO,02/01/2024,09:15:13,0.9,0.85,7880,0.9,16440,25960,713000
FINNIFTY02JAN2421050PE.NFO,02/01/2024,09:15:13,0.85,0.8,7280,0.85,17680,8240,713000
FINNIFTY02JAN2421050PE.NFO,02/01/2024,09:15:14,0.8,0.8,10600,0.85,15480,34120,713000
FINNIFTY02JAN2421050PE.NFO,02/01/2024,09:15:15,0.85,0.8,10480,0.85,18200,19240,713000
FINNIFTY02JAN2421050PE.NFO,02/01/2024,09:15:16,0.85,0.8,16000,0.85,10800,34360,713000
FINNIFTY02JAN2421050PE.NFO,02/01/2024,09:15:18,0.85,0.8,14680,0.85,12800,28800,713000
FINNIFTY02JAN2421050PE.NFO,02/01/2024,09:15:19,0.85,0.8,15920,0.85,13480,6520,713000
FINNIFTY02JAN2421050PE.NFO,02/01/2024,09:15:20,0.8,0.8,12760,0.85,17160,6200,713000
FINNIFTY02JAN2421050PE.NFO,02/01/2024,09:15:21,0.8,0.8,17760,0.85,21960,14400,713000
FINNIFTY02JAN2421050PE.NFO,02/01/2024,09:15:21,0.85,0.8,23720,0.85,18440,1440,713000
FINNIFTY02JAN2421050PE.NFO,02/01/2024,09:15:22,0.8,0.75,19040,0.8,21320,30320,713000
FINNIFTY02JAN2421050PE.NFO,02/01/2024,09:15:24,0.8,0.75,26480,0.8,21440,1800,713000
FINNIFTY02JAN2421050PE.NFO,02/01/2024,09:15:25,0.75,0.75,29040,0.8,20840,4320,713000
FINNIFTY02JAN2421050PE.NFO,02/01/2024,09:15:26,0.8,0.75,27200,0.8,24200,14240,713000
FINNIFTY02JAN2421050PE.NFO,02/01/2024,09:15:27,0.75,0.75,15520,0.8,33880,14280,713000
FINNIFTY02JAN2421050PE.NFO,02/01/2024,09:15:27,0.8,0.75,20920,0.8,27080,2040,713000
FINNIFTY02JAN2421050PE.NFO,02/01/2024,09:15:28,0.75,0.75,38200,0.8,50520,8480,713000
FINNIFTY02JAN2421050PE.NFO,02/01/2024,09:15:30,0.75,0.75,48880,0.8,52000,3480,713000
FINNIFTY02JAN2421050PE.NFO,02/01/2024,09:15:31,0.75,0.75,28040,0.8,51320,46800,713000
FINNIFTY02JAN2421050PE.NFO,02/01/2024,09:15:32,0.75,0.7,265080,0.75,61480,35360,713000
FINNIFTY02JAN2421050PE.NFO,02/01/2024,09:15:33,0.75,0.7,264840,0.75,80560,8960,713000
FINNIFTY02JAN2421050PE.NFO,02/01/2024,09:15:34,0.75,0.7,266640,0.75,70320,3040,713000
FINNIFTY02JAN2421050PE.NFO,02/01/2024,09:15:34,0.75,0.7,267440,0.75,70320,0,713000
FINNIFTY02JAN2421050PE.NFO,02/01/2024,09:15:35,0.75,0.7,286320,0.75,70080,14880,713000
FINNIFTY02JAN2421050PE.NFO,02/01/2024,09:15:37,0.75,0.7,299720,0.75,77880,8920,713000
FINNIFTY02JAN2421050PE.NFO,02/01/2024,09:15:38,0.75,0.7,307040,0.75,84080,4400,713000
FINNIFTY02JAN2421050PE.NFO,02/01/2024,09:15:39,0.75,0.7,329280,0.75,77600,10000,713000
FINNIFTY02JAN2421050PE.NFO,02/01/2024,09:15:40,0.75,0.7,360240,0.75,61440,23840,713000
FINNIFTY02JAN2421050PE.NFO,02/01/2024,09:15:41,0.8,0.8,33720,0.85,74800,112960,713000
FINNIFTY02JAN2421050PE.NFO,02/01/2024,09:15:41,0.8,0.75,72600,0.8,39120,15120,713000
FINNIFTY02JAN2421050PE.NFO,02/01/2024,09:15:42,0.85,0.8,80640,0.85,26840,49560,713000
FINNIFTY02JAN2421050PE.NFO,02/01/2024,09:15:44,0.85,0.8,58600,0.85,66600,63600,713000
FINNIFTY02JAN2421050PE.NFO,02/01/2024,09:15:45,0.8,0.8,75080,0.85,88480,39760,713000
FINNIFTY02JAN2421050PE.NFO,02/01/2024,09:15:46,0.75,0.75,23560,0.8,90600,51600,713000
FINNIFTY02JAN2421050PE.NFO,02/01/2024,09:15:47,0.75,0.7,335880,0.75,50560,32240,713000
FINNIFTY02JAN2421050PE.NFO,02/01/2024,09:15:48,0.75,0.7,339800,0.75,88040,5880,713000
FINNIFTY02JAN2421050PE.NFO,02/01/2024,09:15:48,0.75,0.7,343200,0.75,75760,5480,713000
FINNIFTY02JAN2421050PE.NFO,02/01/2024,09:15:49,0.75,0.7,338760,0.75,98160,9360,713000
FINNIFTY02JAN2421050PE.NFO,02/01/2024,09:15:51,0.75,0.75,26880,0.8,197680,83880,713000
FINNIFTY02JAN2421050PE.NFO,02/01/2024,09:15:52,0.75,0.7,343840,0.75,79720,18320,713000
FINNIFTY02JAN2421050PE.NFO,02/01/2024,09:15:53,0.7,0.7,342600,0.75,84040,4800,713000
FINNIFTY02JAN2421050PE.NFO,02/01/2024,09:15:54,0.7,0.7,325680,0.75,113560,24640,713000
FINNIFTY02JAN2421050PE.NFO,02/01/2024,09:15:55,0.7,0.7,324040,0.75,102720,34600,713000
FINNIFTY02JAN2421050PE.NFO,02/01/2024,09:15:55,0.7,0.7,293000,0.75,138720,6600,713000
FINNIFTY02JAN2421050PE.NFO,02/01/2024,09:15:56,0.7,0.7,307920,0.75,112680,33680,713000
FINNIFTY02JAN2421050PE.NFO,02/01/2024,09:15:58,0.7,0.7,265920,0.75,197880,24440,713000
FINNIFTY02JAN2421050PE.NFO,02/01/2024,09:15:59,0.7,0.7,228360,0.75,234040,13680,713000
FINNIFTY02JAN2421050PE.NFO,02/01/2024,09:16:00,0.75,0.7,264440,0.75,239920,5560,713000
FINNIFTY02JAN2421050PE.NFO,02/01/2024,09:16:01,0.7,0.7,136560,0.75,298280,132640,713000
FINNIFTY02JAN2421050PE.NFO,02/01/2024,09:16:02,0.7,0.7,15960,0.75,352800,51640,713000
FINNIFTY02JAN2421050PE.NFO,02/01/2024,09:16:02,0.7,0.7,96680,0.75,301920,720,713000
FINNIFTY02JAN2421050PE.NFO,02/01/2024,09:16:03,0.7,0.7,139400,0.75,114760,5200,713000
FINNIFTY02JAN2421050PE.NFO,02/01/2024,09:16:05,0.75,0.7,123440,0.75,159680,5680,713000
FINNIFTY02JAN2421050PE.NFO,02/01/2024,09:16:06,0.7,0.65,226640,0.7,146440,71480,713000
FINNIFTY02JAN2421050PE.NFO,02/01/2024,09:16:07,0.65,0.65,221600,0.7,203720,9360,713000
FINNIFTY02JAN2421050PE.NFO,02/01/2024,09:16:07,0.65,0.65,221600,0.7,203720,0,713000
FINNIFTY02JAN2421050PE.NFO,02/01/2024,09:16:08,0.7,0.65,181960,0.7,245040,2800,713000
FINNIFTY02JAN2421050PE.NFO,02/01/2024,09:16:09,0.7,0.65,221880,0.7,209960,37240,713000
FINNIFTY02JAN2421050PE.NFO,02/01/2024,09:16:09,0.7,0.65,227160,0.7,210800,1240,713000
FINNIFTY02JAN2421050PE.NFO,02/01/2024,09:16:11,0.7,0.65,228560,0.7,193960,31360,713000
FINNIFTY02JAN2421050PE.NFO,02/01/2024,09:16:12,0.7,0.65,373680,0.7,23280,130480,713000
FINNIFTY02JAN2421050PE.NFO,02/01/2024,09:16:13,0.7,0.65,371480,0.7,113680,49240,713000
FINNIFTY02JAN2421050PE.NFO,02/01/2024,09:16:14,0.7,0.65,347160,0.7,140000,8920,713000
FINNIFTY02JAN2421050PE.NFO,02/01/2024,09:16:15,0.7,0.65,387240,0.7,139760,3840,713000
FINNIFTY02JAN2421050PE.NFO,02/01/2024,09:16:16,0.7,0.65,387360,0.7,130160,8760,713000
FINNIFTY02JAN2421050PE.NFO,02/01/2024,09:16:16,0.7,0.65,353680,0.7,134040,1720,713000
FINNIFTY02JAN2421050PE.NFO,02/01/2024,09:16:17,0.7,0.65,402600,0.7,173440,4120,713000
FINNIFTY02JAN2421050PE.NFO,02/01/2024,09:16:19,0.7,0.65,390720,0.7,173160,2840,713000
FINNIFTY02JAN2421050PE.NFO,02/01/2024,09:16:20,0.65,0.65,367560,0.7,175520,21760,713000
FINNIFTY02JAN2421050PE.NFO,02/01/2024,09:16:21,0.65,0.65,351520,0.7,183120,19120,713000
FINNIFTY02JAN2421050PE.NFO,02/01/2024,09:16:22,0.65,0.65,379960,0.7,172480,16960,713000
FINNIFTY02JAN2421050PE.NFO,02/01/2024,09:16:23,0.65,0.65,339560,0.7,171200,22120,713000
FINNIFTY02JAN2421050PE.NFO,02/01/2024,09:16:23,0.7,0.65,321760,0.7,193360,5600,713000
FINNIFTY02JAN2421050PE.NFO,02/01/2024,09:16:24,0.65,0.65,378840,0.7,173520,22760,713000
FINNIFTY02JAN2421050PE.NFO,02/01/2024,09:16:26,0.65,0.65,376000,0.7,178480,21280,713000
FINNIFTY02JAN2421050PE.NFO,02/01/2024,09:16:27,0.7,0.65,336000,0.7,185680,20160,713000
FINNIFTY02JAN2421050PE.NFO,02/01/2024,09:16:28,0.65,0.65,334480,0.7,193760,35360,713000
FINNIFTY02JAN2421050PE.NFO,02/01/2024,09:16:29,0.7,0.65,313040,0.7,258200,22640,713000
FINNIFTY02JAN2421050PE.NFO,02/01/2024,09:16:30,0.7,0.65,291440,0.7,271720,6800,713000
FINNIFTY02JAN2421050PE.NFO,02/01/2024,09:16:31,0.65,0.65,332160,0.7,251920,80,713000
FINNIFTY02JAN2421050PE.NFO,02/01/2024,09:16:31,0.65,0.65,337160,0.7,251920,400,713000
FINNIFTY02JAN2421050PE.NFO,02/01/2024,09:16:33,0.7,0.65,330840,0.7,267480,15120,713000
FINNIFTY02JAN2421050PE.NFO,02/01/2024,09:16:34,0.7,0.65,335800,0.7,280000,3440,713000
FINNIFTY02JAN2421050PE.NFO,02/01/2024,09:16:35,0.7,0.65,319600,0.7,270000,1000,713000
FINNIFTY02JAN2421050PE.NFO,02/01/2024,09:16:36,0.7,0.65,341200,0.7,265160,8800,713000
FINNIFTY02JAN2421050PE.NFO,02/01/2024,09:16:37,0.7,0.65,350600,0.7,267640,2200,713000
FINNIFTY02JAN2421050PE.NFO,02/01/2024,09:16:38,0.7,0.65,372200,0.7,268360,1960,713000
FINNIFTY02JAN2421050PE.NFO,02/01/2024,09:16:38,0.65,0.65,356000,0.7,288320,2120,713000
FINNIFTY02JAN2421050PE.NFO,02/01/2024,09:16:39,0.7,0.65,337840,0.7,309160,800,713000
FINNIFTY02JAN2421050PE.NFO,02/01/2024,09:16:41,0.7,0.65,383720,0.7,278240,8720,713000
FINNIFTY02JAN2421050PE.NFO,02/01/2024,09:16:42,0.7,0.65,388760,0.7,261200,6200,713000
FINNIFTY02JAN2421050PE.NFO,02/01/2024,09:16:43,0.7,0.65,373040,0.7,278920,12600,713000
FINNIFTY02JAN2421050PE.NFO,02/01/2024,09:16:44,0.7,0.65,388880,0.7,257480,6360,713000
FINNIFTY02JAN2421050PE.NFO,02/01/2024,09:16:45,0.7,0.65,389160,0.7,245000,18040,713000
FINNIFTY02JAN2421050PE.NFO,02/01/2024,09:16:46,0.65,0.65,389040,0.7,237520,5880,713000
FINNIFTY02JAN2421050PE.NFO,02/01/2024,09:16:46,0.7,0.65,388680,0.7,231280,8400,713000
FINNIFTY02JAN2421050PE.NFO,02/01/2024,09:16:47,0.7,0.65,391400,0.7,221840,9080,713000
FINNIFTY02JAN2421050PE.NFO,02/01/2024,09:16:49,0.7,0.65,362560,0.7,256880,5280,713000
FINNIFTY02JAN2421050PE.NFO,02/01/2024,09:16:50,0.7,0.65,397400,0.7,203480,11200,713000
FINNIFTY02JAN2421050PE.NFO,02/01/2024,09:16:51,0.7,0.65,386720,0.7,215240,14800,713000
FINNIFTY02JAN2421050PE.NFO,02/01/2024,09:16:52,0.7,0.65,375120,0.7,218680,10680,713000
FINNIFTY02JAN2421050PE.NFO,02/01/2024,09:16:53,0.65,0.65,378080,0.7,223480,9920,713000
FINNIFTY02JAN2421050PE.NFO,02/01/2024,09:16:53,0.7,0.65,417880,0.7,188960,7440,713000
FINNIFTY02JAN2421050PE.NFO,02/01/2024,09:16:55,0.7,0.65,415680,0.7,185440,5880,713000
FINNIFTY02JAN2421050PE.NFO,02/01/2024,09:16:56,0.7,0.65,417600,0.7,174440,7240,713000
FINNIFTY02JAN2421050PE.NFO,02/01/2024,09:16:57,0.7,0.65,416480,0.7,171520,6000,713000
FINNIFTY02JAN2421050PE.NFO,02/01/2024,09:16:58,0.75,0.7,284640,0.75,192360,141200,713000
FINNIFTY02JAN2421050PE.NFO,02/01/2024,09:16:59,0.7,0.7,291040,0.75,192200,1600,713000
FINNIFTY02JAN2421050PE.NFO,02/01/2024,09:16:59,0.7,0.7,292840,0.75,192200,0,713000
FINNIFTY02JAN2421050PE.NFO,02/01/2024,09:17:00,0.75,0.7,336600,0.75,147760,11760,713000
FINNIFTY02JAN2421050PE.NFO,02/01/2024,09:17:02,0.7,0.7,344840,0.75,148840,1800,713000
FINNIFTY02JAN2421050PE.NFO,02/01/2024,09:17:03,0.75,0.7,346000,0.75,160280,3840,713000
FINNIFTY02JAN2421050PE.NFO,02/01/2024,09:17:04,0.7,0.7,348040,0.75,151560,5760,713000
FINNIFTY02JAN2421050PE.NFO,02/01/2024,09:17:05,0.75,0.7,311960,0.75,169920,3320,713000
FINNIFTY02JAN2421050PE.NFO,02/01/2024,09:17:06,0.7,0.7,346640,0.75,163320,960,713000
FINNIFTY02JAN2421050PE.NFO,02/01/2024,09:17:06,0.7,0.7,344840,0.75,163320,0,713000
FINNIFTY02JAN2421050PE.NFO,02/01/2024,09:17:08,0.7,0.7,344800,0.75,166120,720,713000
FINNIFTY02JAN2421050PE.NFO,02/01/2024,09:17:09,0.7,0.7,344880,0.75,153840,2360,713000
FINNIFTY02JAN2421050PE.NFO,02/01/2024,09:17:10,0.75,0.7,344320,0.75,148160,6080,713000
FINNIFTY02JAN2421050PE.NFO,02/01/2024,09:17:11,0.75,0.7,343760,0.75,155000,3120,713000
FINNIFTY02JAN2421050PE.NFO,02/01/2024,09:17:12,0.7,0.7,341920,0.75,163040,2160,713000
FINNIFTY02JAN2421050PE.NFO,02/01/2024,09:17:12,0.7,0.7,343720,0.75,163040,0,713000
FINNIFTY02JAN2421050PE.NFO,02/01/2024,09:17:13,0.7,0.7,335440,0.75,179480,2040,713000
FINNIFTY02JAN2421050PE.NFO,02/01/2024,09:17:15,0.75,0.7,303240,0.75,186480,1800,713000
FINNIFTY02JAN2421050PE.NFO,02/01/2024,09:17:16,0.7,0.7,293000,0.75,210520,3760,713000
FINNIFTY02JAN2421050PE.NFO,02/01/2024,09:17:17,0.7,0.7,308800,0.75,212520,14080,713000
FINNIFTY02JAN2421050PE.NFO,02/01/2024,09:17:18,0.7,0.7,343000,0.75,187120,240,713000
FINNIFTY02JAN2421050PE.NFO,02/01/2024,09:17:19,0.7,0.7,357440,0.75,170840,2080,713000
FINNIFTY02JAN2421050PE.NFO,02/01/2024,09:17:19,0.75,0.7,357560,0.75,169000,40,713000
FINNIFTY02JAN2421050PE.NFO,02/01/2024,09:17:21,0.75,0.7,358680,0.75,172200,1280,713000
FINNIFTY02JAN2421050PE.NFO,02/01/2024,09:17:22,0.7,0.7,358280,0.75,187040,1800,713000
FINNIFTY02JAN2421050PE.NFO,02/01/2024,09:17:23,0.7,0.7,358240,0.75,176480,40,713000
FINNIFTY02JAN2421050PE.NFO,02/01/2024,09:17:24,0.75,0.7,359080,0.75,177000,600,713000
FINNIFTY02JAN2421050PE.NFO,02/01/2024,09:17:25,0.75,0.7,359080,0.75,180960,11720,713000
FINNIFTY02JAN2421050PE.NFO,02/01/2024,09:17:25,0.75,0.7,339280,0.75,197680,0,713000
FINNIFTY02JAN2421050PE.NFO,02/01/2024,09:17:26,0.75,0.7,353560,0.75,288240,17480,1293200
FINNIFTY02JAN2421050PE.NFO,02/01/2024,09:17:28,0.7,0.7,343840,0.75,287760,18840,1293200
FINNIFTY02JAN2421050PE.NFO,02/01/2024,09:17:29,0.7,0.7,291600,0.75,285480,46520,1293200
FINNIFTY02JAN2421050PE.NFO,02/01/2024,09:17:30,0.7,0.7,322720,0.75,263480,33560,1293200
FINNIFTY02JAN2421050PE.NFO,02/01/2024,09:17:31,0.7,0.7,329960,0.75,271840,34840,1293200
FINNIFTY02JAN2421050PE.NFO,02/01/2024,09:17:32,0.7,0.7,271760,0.75,295120,11840,1293200
FINNIFTY02JAN2421050PE.NFO,02/01/2024,09:17:33,0.7,0.7,321760,0.75,273360,4680,1293200
FINNIFTY02JAN2421050PE.NFO,02/01/2024,09:17:34,0.7,0.7,336720,0.75,276040,4680,1293200
FINNIFTY02JAN2421050PE.NFO,02/01/2024,09:17:35,0.75,0.7,333920,0.75,288680,7000,1293200
FINNIFTY02JAN2421050PE.NFO,02/01/2024,09:17:36,0.7,0.7,335760,0.75,278520,3600,1293200
FINNIFTY02JAN2421050PE.NFO,02/01/2024,09:17:37,0.75,0.7,334080,0.75,279480,4640,1293200
FINNIFTY02JAN2421050PE.NFO,02/01/2024,09:17:38,0.75,0.7,336280,0.75,269400,7360,1293200
FINNIFTY02JAN2421050PE.NFO,02/01/2024,09:17:39,0.75,0.7,336280,0.75,269200,200,1293200
FINNIFTY02JAN2421050PE.NFO,02/01/2024,09:17:40,0.75,0.7,336280,0.75,267400,1600,1293200
FINNIFTY02JAN2421050PE.NFO,02/01/2024,09:17:41,0.75,0.7,334800,0.75,315680,4080,1293200
FINNIFTY02JAN2421050PE.NFO,02/01/2024,09:17:42,0.75,0.7,326520,0.75,316360,320,1293200
FINNIFTY02JAN2421050PE.NFO,02/01/2024,09:17:43,0.7,0.7,331720,0.75,315920,2360,1293200
FINNIFTY02JAN2421050PE.NFO,02/01/2024,09:17:44,0.7,0.7,332520,0.75,324200,1040,1293200
FINNIFTY02JAN2421050PE.NFO,02/01/2024,09:17:45,0.7,0.7,292760,0.75,344000,0,1293200
FINNIFTY02JAN2421050PE.NFO,02/01/2024,09:17:46,0.75,0.7,332120,0.75,289640,36600,1293200
FINNIFTY02JAN2421050PE.NFO,02/01/2024,09:17:47,0.7,0.7,340680,0.75,289560,2200,1293200
FINNIFTY02JAN2421050PE.NFO,02/01/2024,09:17:48,0.7,0.7,310640,0.75,321240,12240,1293200
FINNIFTY02JAN2421050PE.NFO,02/01/2024,09:17:49,0.75,0.7,335480,0.75,270400,17360,1293200
FINNIFTY02JAN2421050PE.NFO,02/01/2024,09:17:50,0.75,0.7,306680,0.75,311360,2240,1293200
FINNIFTY02JAN2421050PE.NFO,02/01/2024,09:17:51,0.75,0.7,316400,0.75,298800,16760,1293200
FINNIFTY02JAN2421050PE.NFO,02/01/2024,09:17:52,0.75,0.7,341600,0.75,264600,0,1293200
FINNIFTY02JAN2421050PE.NFO,02/01/2024,09:17:53,0.75,0.7,342680,0.75,283360,3200,1293200
FINNIFTY02JAN2421050PE.NFO,02/01/2024,09:17:54,0.75,0.7,347800,0.75,282400,1760,1293200
FINNIFTY02JAN2421050PE.NFO,02/01/2024,09:17:55,0.75,0.7,302800,0.75,313920,4880,1293200
FINNIFTY02JAN2421050PE.NFO,02/01/2024,09:17:56,0.75,0.7,324240,0.75,306720,2280,1293200
FINNIFTY02JAN2421050PE.NFO,02/01/2024,09:17:57,0.7,0.7,324200,0.75,308160,6120,1293200
FINNIFTY02JAN2421050PE.NFO,02/01/2024,09:17:58,0.7,0.7,329360,0.75,291240,2040,1293200
FINNIFTY02JAN2421050PE.NFO,02/01/2024,09:17:59,0.7,0.7,339800,0.75,262240,18680,1293200
FINNIFTY02JAN2421050PE.NFO,02/01/2024,09:18:00,0.75,0.7,311000,0.75,298400,4720,1293200
FINNIFTY02JAN2421050PE.NFO,02/01/2024,09:18:01,0.7,0.7,319080,0.75,282600,2120,1293200
FINNIFTY02JAN2421050PE.NFO,02/01/2024,09:18:02,0.75,0.7,328120,0.75,262680,7160,1293200
FINNIFTY02JAN2421050PE.NFO,02/01/2024,09:18:03,0.7,0.7,338400,0.75,232080,17680,1293200
FINNIFTY02JAN2421050PE.NFO,02/01/2024,09:18:04,0.75,0.7,329360,0.75,230360,800,1293200
FINNIFTY02JAN2421050PE.NFO,02/01/2024,09:18:05,0.7,0.7,328560,0.75,232320,800,1293200
FINNIFTY02JAN2421050PE.NFO,02/01/2024,09:18:06,0.75,0.7,328400,0.75,217520,14840,1293200
FINNIFTY02JAN2421050PE.NFO,02/01/2024,09:18:07,0.75,0.7,320920,0.75,235080,1800,1293200
FINNIFTY02JAN2421050PE.NFO,02/01/2024,09:18:08,0.7,0.7,300400,0.75,250880,10680,1293200
FINNIFTY02JAN2421050PE.NFO,02/01/2024,09:18:09,0.75,0.7,305160,0.75,224680,8840,1293200
FINNIFTY02JAN2421050PE.NFO,02/01/2024,09:18:10,0.75,0.7,315960,0.75,225960,1520,1293200
FINNIFTY02JAN2421050PE.NFO,02/01/2024,09:18:11,0.75,0.7,315960,0.75,224240,1640,1293200
FINNIFTY02JAN2421050PE.NFO,02/01/2024,09:18:12,0.75,0.7,316680,0.75,223320,520,1293200
FINNIFTY02JAN2421050PE.NFO,02/01/2024,09:18:13,0.75,0.7,316080,0.75,162520,90040,1293200
FINNIFTY02JAN2421050PE.NFO,02/01/2024,09:18:14,0.75,0.75,168520,0.8,207320,133640,1293200
FINNIFTY02JAN2421050PE.NFO,02/01/2024,09:18:15,0.75,0.75,222440,0.8,243800,200,1293200
FINNIFTY02JAN2421050PE.NFO,02/01/2024,09:18:16,0.8,0.75,225120,0.8,242760,1920,1293200
FINNIFTY02JAN2421050PE.NFO,02/01/2024,09:18:17,0.8,0.75,223240,0.8,260480,4280,1293200
FINNIFTY02JAN2421050PE.NFO,02/01/2024,09:18:18,0.8,0.75,223240,0.8,259720,760,1293200
FINNIFTY02JAN2421050PE.NFO,02/01/2024,09:18:19,0.8,0.75,223040,0.8,262800,1880,1293200
FINNIFTY02JAN2421050PE.NFO,02/01/2024,09:18:20,0.8,0.75,226640,0.8,263440,9520,1293200
FINNIFTY02JAN2421050PE.NFO,02/01/2024,09:18:21,0.8,0.75,189320,0.8,185960,106920,1293200
FINNIFTY02JAN2421050PE.NFO,02/01/2024,09:18:22,0.8,0.75,187880,0.8,183200,2240,1293200
FINNIFTY02JAN2421050PE.NFO,02/01/2024,09:18:23,0.8,0.75,218160,0.8,159560,1120,1293200
FINNIFTY02JAN2421050PE.NFO,02/01/2024,09:18:24,0.8,0.75,224480,0.8,146840,1840,1293200
FINNIFTY02JAN2421050PE.NFO,02/01/2024,09:18:25,0.8,0.75,177760,0.8,196800,9760,1293200
FINNIFTY02JAN2421050PE.NFO,02/01/2024,09:18:26,0.8,0.75,222800,0.8,85240,73480,1293200
FINNIFTY02JAN2421050PE.NFO,02/01/2024,09:18:27,0.85,0.8,157040,0.85,139000,27640,1293200
FINNIFTY02JAN2421050PE.NFO,02/01/2024,09:18:28,0.8,0.8,190880,0.85,129360,2400,1293200
FINNIFTY02JAN2421050PE.NFO,02/01/2024,09:18:29,0.8,0.75,242120,0.8,74520,80880,1293200
FINNIFTY02JAN2421050PE.NFO,02/01/2024,09:18:30,0.8,0.75,256240,0.8,72040,3720,1293200
FINNIFTY02JAN2421050PE.NFO,02/01/2024,09:18:31,0.8,0.75,216600,0.8,91960,0,1293200
FINNIFTY02JAN2421050PE.NFO,02/01/2024,09:18:32,0.8,0.8,135520,0.85,183040,32880,1293200
FINNIFTY02JAN2421050PE.NFO,02/01/2024,09:18:33,0.85,0.8,194400,0.85,153160,1760,1293200
FINNIFTY02JAN2421050PE.NFO,02/01/2024,09:18:34,0.8,0.8,197200,0.85,153240,120,1293200
FINNIFTY02JAN2421050PE.NFO,02/01/2024,09:18:35,0.85,0.8,195640,0.85,161360,1200,1293200
FINNIFTY02JAN2421050PE.NFO,02/01/2024,09:18:36,0.8,0.8,185920,0.85,162480,1400,1293200
FINNIFTY02JAN2421050PE.NFO,02/01/2024,09:18:37,0.8,0.8,187960,0.85,175920,5800,1293200
FINNIFTY02JAN2421050PE.NFO,02/01/2024,09:18:38,0.85,0.8,207520,0.85,161880,520,1293200
FINNIFTY02JAN2421050PE.NFO,02/01/2024,09:18:39,0.8,0.8,68080,0.85,211640,41720,1293200
FINNIFTY02JAN2421050PE.NFO,02/01/2024,09:18:40,0.8,0.8,91200,0.85,207680,11120,1293200
FINNIFTY02JAN2421050PE.NFO,02/01/2024,09:18:41,0.8,0.8,222600,0.85,178280,1840,1293200
FINNIFTY02JAN2421050PE.NFO,02/01/2024,09:18:42,0.85,0.8,213400,0.85,177360,360,1293200
FINNIFTY02JAN2421050PE.NFO,02/01/2024,09:18:43,0.85,0.8,239160,0.85,175760,4720,1293200
FINNIFTY02JAN2421050PE.NFO,02/01/2024,09:18:44,0.8,0.8,231720,0.85,169520,17400,1293200
FINNIFTY02JAN2421050PE.NFO,02/01/2024,09:18:45,0.8,0.8,226480,0.85,169520,2240,1293200
FINNIFTY02JAN2421050PE.NFO,02/01/2024,09:18:46,0.85,0.8,216560,0.85,178400,10120,1293200
FINNIFTY02JAN2421050PE.NFO,02/01/2024,09:18:47,0.85,0.8,192720,0.85,185400,2320,1293200
FINNIFTY02JAN2421050PE.NFO,02/01/2024,09:18:48,0.8,0.8,171960,0.85,205840,17520,1293200
FINNIFTY02JAN2421050PE.NFO,02/01/2024,09:18:49,0.8,0.75,319280,0.8,109560,62880,1293200
FINNIFTY02JAN2421050PE.NFO,02/01/2024,09:18:50,0.8,0.75,357080,0.8,79680,2600,1293200
FINNIFTY02JAN2421050PE.NFO,02/01/2024,09:18:51,0.8,0.75,357000,0.8,80680,0,1293200
FINNIFTY02JAN2421050PE.NFO,02/01/2024,09:18:52,0.75,0.75,312920,0.8,152840,2640,1293200
FINNIFTY02JAN2421050PE.NFO,02/01/2024,09:18:53,0.75,0.75,315240,0.8,149480,3120,1293200
FINNIFTY02JAN2421050PE.NFO,02/01/2024,09:18:54,0.75,0.75,326120,0.8,152120,0,1293200
FINNIFTY02JAN2421050PE.NFO,02/01/2024,09:18:55,0.8,0.75,315360,0.8,184400,2240,1293200
FINNIFTY02JAN2421050PE.NFO,02/01/2024,09:18:56,0.8,0.75,327160,0.8,146240,10520,1293200
FINNIFTY02JAN2421050PE.NFO,02/01/2024,09:18:57,0.75,0.75,354960,0.8,141320,2160,1293200
FINNIFTY02JAN2421050PE.NFO,02/01/2024,09:18:58,0.8,0.75,355640,0.8,140200,2560,1293200
FINNIFTY02JAN2421050PE.NFO,02/01/2024,09:18:59,0.75,0.75,320680,0.8,157720,400,1293200
FINNIFTY02JAN2421050PE.NFO,02/01/2024,09:19:00,0.8,0.75,330360,0.8,144120,11760,1293200
FINNIFTY02JAN2421050PE.NFO,02/01/2024,09:19:01,0.75,0.75,305000,0.8,195920,11520,1293200
FINNIFTY02JAN2421050PE.NFO,02/01/2024,09:19:02,0.75,0.75,336120,0.8,165000,19440,1293200
FINNIFTY02JAN2421050PE.NFO,02/01/2024,09:19:03,0.75,0.75,284480,0.8,232000,10360,1293200
FINNIFTY02JAN2421050PE.NFO,02/01/2024,09:19:04,0.75,0.75,266440,0.8,224960,7920,1293200
FINNIFTY02JAN2421050PE.NFO,02/01/2024,09:19:05,0.75,0.75,271560,0.8,207840,5040,1293200
FINNIFTY02JAN2421050PE.NFO,02/01/2024,09:19:06,0.75,0.75,267560,0.8,233240,10080,1293200
FINNIFTY02JAN2421050PE.NFO,02/01/2024,09:19:07,0.75,0.75,267640,0.8,222400,16520,1293200
FINNIFTY02JAN2421050PE.NFO,02/01/2024,09:19:08,0.8,0.75,264920,0.8,223080,8120,1293200
FINNIFTY02JAN2421050PE.NFO,02/01/2024,09:19:09,0.8,0.75,280600,0.8,198440,720,1293200
FINNIFTY02JAN2421050PE.NFO,02/01/2024,09:19:10,0.75,0.75,284520,0.8,197600,2280,1293200
FINNIFTY02JAN2421050PE.NFO,02/01/2024,09:19:11,0.8,0.75,284440,0.8,204360,240,1293200
FINNIFTY02JAN2421050PE.NFO,02/01/2024,09:19:12,0.75,0.75,280600,0.8,203560,3840,1293200
FINNIFTY02JAN2421050PE.NFO,02/01/2024,09:19:13,0.8,0.75,281960,0.8,202120,12240,1293200
FINNIFTY02JAN2421050PE.NFO,02/01/2024,09:19:14,0.75,0.75,264240,0.8,216160,3880,1293200
FINNIFTY02JAN2421050PE.NFO,02/01/2024,09:19:15,0.8,0.75,271000,0.8,208560,6560,1293200
FINNIFTY02JAN2421050PE.NFO,02/01/2024,09:19:16,0.8,0.75,246240,0.8,237040,1680,1293200
FINNIFTY02JAN2421050PE.NFO,02/01/2024,09:19:17,0.8,0.75,284440,0.8,246800,40,1293200
FINNIFTY02JAN2421050PE.NFO,02/01/2024,09:19:18,0.75,0.75,280080,0.8,239760,2880,1293200
FINNIFTY02JAN2421050PE.NFO,02/01/2024,09:19:19,0.75,0.75,279040,0.8,237600,4680,1293200
FINNIFTY02JAN2421050PE.NFO,02/01/2024,09:19:20,0.8,0.75,279000,0.8,245200,200,1293200
FINNIFTY02JAN2421050PE.NFO,02/01/2024,09:19:21,0.8,0.75,279120,0.8,244920,4320,1293200
FINNIFTY02JAN2421050PE.NFO,02/01/2024,09:19:22,0.8,0.75,270200,0.8,264720,0,1293200
FINNIFTY02JAN2421050PE.NFO,02/01/2024,09:19:23,0.8,0.75,279240,0.8,259560,5480,1293200
FINNIFTY02JAN2421050PE.NFO,02/01/2024,09:19:24,0.8,0.75,279800,0.8,253800,7520,1293200
FINNIFTY02JAN2421050PE.NFO,02/01/2024,09:19:25,0.8,0.75,279960,0.8,261000,1800,1293200
FINNIFTY02JAN2421050PE.NFO,02/01/2024,09:19:26,0.8,0.75,280080,0.8,240960,10440,1293200
FINNIFTY02JAN2421050PE.NFO,02/01/2024,09:19:27,0.8,0.75,261920,0.8,270120,2480,1293200
FINNIFTY02JAN2421050PE.NFO,02/01/2024,09:19:28,0.8,0.75,279920,0.8,244360,320,1293200
FINNIFTY02JAN2421050PE.NFO,02/01/2024,09:19:29,0.8,0.75,266480,0.8,260360,3560,1293200
FINNIFTY02JAN2421050PE.NFO,02/01/2024,09:19:30,0.8,0.75,250440,0.8,279240,4440,1293200
FINNIFTY02JAN2421050PE.NFO,02/01/2024,09:19:31,0.8,0.75,300800,0.8,242680,3040,1293200
FINNIFTY02JAN2421050PE.NFO,02/01/2024,09:19:32,0.8,0.75,312160,0.8,152120,50480,1293200
FINNIFTY02JAN2421050PE.NFO,02/01/2024,09:19:33,0.8,0.75,318480,0.8,149080,7040,1293200
FINNIFTY02JAN2421050PE.NFO,02/01/2024,09:19:34,0.8,0.8,103680,0.85,256680,152200,1293200
FINNIFTY02JAN2421050PE.NFO,02/01/2024,09:19:35,0.75,0.75,338120,0.8,115120,61560,1293200
FINNIFTY02JAN2421050PE.NFO,02/01/2024,09:19:36,0.8,0.75,340800,0.8,127840,2080,1293200
FINNIFTY02JAN2421050PE.NFO,02/01/2024,09:19:37,0.8,0.75,335560,0.8,76080,85640,1293200
FINNIFTY02JAN2421050PE.NFO,02/01/2024,09:19:38,0.75,0.75,333240,0.8,141920,142960,1293200
FINNIFTY02JAN2421050PE.NFO,02/01/2024,09:19:39,0.75,0.75,332240,0.8,331160,3680,1293200
FINNIFTY02JAN2421050PE.NFO,02/01/2024,09:19:40,0.8,0.75,308840,0.8,337320,6840,1293200
FINNIFTY02JAN2421050PE.NFO,02/01/2024,09:19:41,0.8,0.75,300200,0.8,344400,4400,1293200
FINNIFTY02JAN2421050PE.NFO,02/01/2024,09:19:42,0.8,0.75,318400,0.8,344640,5600,1293200
FINNIFTY02JAN2421050PE.NFO,02/01/2024,09:19:43,0.8,0.75,307880,0.8,362320,6360,1293200
FINNIFTY02JAN2421050PE.NFO,02/01/2024,09:19:44,0.8,0.75,330720,0.8,341600,4080,1293200
FINNIFTY02JAN2421050PE.NFO,02/01/2024,09:19:45,0.8,0.75,290760,0.8,377520,1400,1293200
FINNIFTY02JAN2421050PE.NFO,02/01/2024,09:19:46,0.8,0.75,387160,0.8,373440,3640,1293200
FINNIFTY02JAN2421050PE.NFO,02/01/2024,09:19:47,0.8,0.75,426760,0.8,354440,11320,1293200
FINNIFTY02JAN2421050PE.NFO,02/01/2024,09:19:48,0.8,0.75,418600,0.8,356800,18800,1293200
FINNIFTY02JAN2421050PE.NFO,02/01/2024,09:19:49,0.8,0.75,398720,0.8,362280,2240,1293200
FINNIFTY02JAN2421050PE.NFO,02/01/2024,09:19:50,0.75,0.75,421640,0.8,343320,2080,1293200
FINNIFTY02JAN2421050PE.NFO,02/01/2024,09:19:51,0.8,0.75,423720,0.8,360920,2440,1293200
FINNIFTY02JAN2421050PE.NFO,02/01/2024,09:19:52,0.8,0.75,421840,0.8,352200,3680,1293200
FINNIFTY02JAN2421050PE.NFO,02/01/2024,09:19:53,0.8,0.75,388240,0.8,391840,3080,1293200
FINNIFTY02JAN2421050PE.NFO,02/01/2024,09:19:54,0.8,0.75,400280,0.8,364800,10040,1293200
FINNIFTY02JAN2421050PE.NFO,02/01/2024,09:19:55,0.75,0.75,397520,0.8,383040,4640,1293200
FINNIFTY02JAN2421050PE.NFO,02/01/2024,09:19:56,0.75,0.75,323000,0.8,349240,1440,1293200
FINNIFTY02JAN2421050PE.NFO,02/01/2024,09:19:57,0.8,0.75,321160,0.8,349280,2000,1293200
FINNIFTY02JAN2421050PE.NFO,02/01/2024,09:19:58,0.8,0.75,320080,0.8,347440,1600,1293200
FINNIFTY02JAN2421050PE.NFO,02/01/2024,09:19:59,0.8,0.75,318280,0.8,352040,13160,1293200
FINNIFTY02JAN2421050PE.NFO,02/01/2024,09:20:00,0.8,0.75,305240,0.8,349560,3280,1293200
FINNIFTY02JAN2421050PE.NFO,02/01/2024,09:20:01,0.8,0.75,321880,0.8,340040,520,1293200
FINNIFTY02JAN2421050PE.NFO,02/01/2024,09:20:02,0.8,0.75,315400,0.8,335920,5440,1293200
FINNIFTY02JAN2421050PE.NFO,02/01/2024,09:20:03,0.75,0.75,285600,0.8,376880,360,1293200
FINNIFTY02JAN2421050PE.NFO,02/01/2024,09:20:04,0.8,0.75,271000,0.8,374400,6000,1293200
FINNIFTY02JAN2421050PE.NFO,02/01/2024,09:20:05,0.75,0.75,310880,0.8,332520,1600,1293200
FINNIFTY02JAN2421050PE.NFO,02/01/2024,09:20:06,0.75,0.75,284320,0.8,343080,20480,1293200
FINNIFTY02JAN2421050PE.NFO,02/01/2024,09:20:07,0.8,0.75,282040,0.8,341360,2080,1293200
FINNIFTY02JAN2421050PE.NFO,02/01/2024,09:20:08,0.75,0.75,253800,0.8,351120,11760,1293200
FINNIFTY02JAN2421050PE.NFO,02/01/2024,09:20:09,0.75,0.75,251960,0.8,347400,15000,1293200
FINNIFTY02JAN2421050PE.NFO,02/01/2024,09:20:10,0.75,0.75,258640,0.8,348560,2880,1293200
FINNIFTY02JAN2421050PE.NFO,02/01/2024,09:20:11,0.8,0.75,231640,0.8,373240,2360,1293200
FINNIFTY02JAN2421050PE.NFO,02/01/2024,09:20:12,0.8,0.75,387680,0.8,373560,9960,1293200
FINNIFTY02JAN2421050PE.NFO,02/01/2024,09:20:13,0.8,0.75,389640,0.8,372640,2760,1293200
FINNIFTY02JAN2421050PE.NFO,02/01/2024,09:20:14,0.8,0.75,421960,0.8,331120,4640,1293200
FINNIFTY02JAN2421050PE.NFO,02/01/2024,09:20:15,0.8,0.75,417640,0.8,331560,6040,1293200
FINNIFTY02JAN2421050PE.NFO,02/01/2024,09:20:16,0.75,0.75,416680,0.8,330320,4240,1293200
FINNIFTY02JAN2421050PE.NFO,02/01/2024,09:20:17,0.8,0.75,418400,0.8,337880,1240,1293200
FINNIFTY02JAN2421050PE.NFO,02/01/2024,09:20:18,0.8,0.75,416560,0.8,339000,5880,1293200
FINNIFTY02JAN2421050PE.NFO,02/01/2024,09:20:19,0.8,0.75,418240,0.8,350520,4240,1293200
FINNIFTY02JAN2421050PE.NFO,02/01/2024,09:20:20,0.8,0.75,416560,0.8,340920,2240,1293200
FINNIFTY02JAN2421050PE.NFO,02/01/2024,09:20:21,0.75,0.75,394960,0.8,364040,2280,1293200
FINNIFTY02JAN2421050PE.NFO,02/01/2024,09:20:22,0.8,0.75,390720,0.8,382360,4800,1293200
FINNIFTY02JAN2421050PE.NFO,02/01/2024,09:20:23,0.8,0.75,415480,0.8,352920,2720,1293200
FINNIFTY02JAN2421050PE.NFO,02/01/2024,09:20:24,0.75,0.75,415480,0.8,374080,480,1293200
FINNIFTY02JAN2421050PE.NFO,02/01/2024,09:20:25,0.8,0.75,411400,0.8,390440,1120,1293200
FINNIFTY02JAN2421050PE.NFO,02/01/2024,09:20:26,0.75,0.75,418320,0.8,378040,880,1293200
FINNIFTY02JAN2421050PE.NFO,02/01/2024,09:20:27,0.8,0.75,389400,0.8,408040,480,1799800
FINNIFTY02JAN2421050PE.NFO,02/01/2024,09:20:28,0.8,0.75,389400,0.8,407560,2280,1799800
FINNIFTY02JAN2421050PE.NFO,02/01/2024,09:20:29,0.8,0.75,392280,0.8,396480,20240,1799800
FINNIFTY02JAN2421050PE.NFO,02/01/2024,09:20:30,0.8,0.75,417560,0.8,342400,800,1799800
FINNIFTY02JAN2421050PE.NFO,02/01/2024,09:20:31,0.8,0.75,359480,0.8,142800,198480,1799800
FINNIFTY02JAN2421050PE.NFO,02/01/2024,09:20:32,0.8,0.75,359960,0.8,143920,8960,1799800
FINNIFTY02JAN2421050PE.NFO,02/01/2024,09:20:33,0.8,0.75,360080,0.8,141720,280,1799800
FINNIFTY02JAN2421050PE.NFO,02/01/2024,09:20:35,0.75,0.75,407040,0.8,126440,2800,1799800
FINNIFTY02JAN2421050PE.NFO,02/01/2024,09:20:36,0.8,0.75,435040,0.8,214840,14160,1799800
FINNIFTY02JAN2421050PE.NFO,02/01/2024,09:20:36,0.8,0.75,436800,0.8,216400,240,1799800
FINNIFTY02JAN2421050PE.NFO,02/01/2024,09:20:37,0.8,0.75,436680,0.8,209720,600,1799800
FINNIFTY02JAN2421050PE.NFO,02/01/2024,09:20:38,0.8,0.75,436640,0.8,211080,280,1799800
FINNIFTY02JAN2421050PE.NFO,02/01/2024,09:20:39,0.8,0.75,437600,0.8,229720,6320,1799800
FINNIFTY02JAN2421050PE.NFO,02/01/2024,09:20:40,0.8,0.75,437560,0.8,240440,480,1799800
FINNIFTY02JAN2421050PE.NFO,02/01/2024,09:20:42,0.8,0.75,437480,0.8,283320,680,1799800
FINNIFTY02JAN2421050PE.NFO,02/01/2024,09:20:42,0.8,0.75,437560,0.8,290440,80,1799800
FINNIFTY02JAN2421050PE.NFO,02/01/2024,09:20:43,0.75,0.75,415720,0.8,295760,19680,1799800
FINNIFTY02JAN2421050PE.NFO,02/01/2024,09:20:44,0.8,0.75,393760,0.8,309240,2640,1799800
FINNIFTY02JAN2421050PE.NFO,02/01/2024,09:20:45,0.8,0.75,433320,0.8,265680,5400,1799800
FINNIFTY02JAN2421050PE.NFO,02/01/2024,09:20:46,0.8,0.75,427560,0.8,265920,20080,1799800
FINNIFTY02JAN2421050PE.NFO,02/01/2024,09:20:47,0.75,0.75,413680,0.8,270720,3120,1799800
FINNIFTY02JAN2421050PE.NFO,02/01/2024,09:20:49,0.8,0.75,432040,0.8,277640,800,1799800
FINNIFTY02JAN2421050PE.NFO,02/01/2024,09:20:50,0.8,0.75,431560,0.8,267320,2520,1799800
FINNIFTY02JAN2421050PE.NFO,02/01/2024,09:20:51,0.8,0.75,431520,0.8,265040,4000,1799800
FINNIFTY02JAN2421050PE.NFO,02/01/2024,09:20:52,0.8,0.75,432840,0.8,266200,320,1799800
FINNIFTY02JAN2421050PE.NFO,02/01/2024,09:20:53,0.8,0.75,432800,0.8,276760,240,1799800
FINNIFTY02JAN2421050PE.NFO,02/01/2024,09:20:54,0.75,0.75,402200,0.8,312400,480,1799800
FINNIFTY02JAN2421050PE.NFO,02/01/2024,09:20:54,0.8,0.75,402160,0.8,312360,40,1799800
FINNIFTY02JAN2421050PE.NFO,02/01/2024,09:20:55,0.8,0.75,403760,0.8,312720,1840,1799800
FINNIFTY02JAN2421050PE.NFO,02/01/2024,09:20:56,0.75,0.75,424800,0.8,284920,3080,1799800
FINNIFTY02JAN2421050PE.NFO,02/01/2024,09:20:57,0.8,0.75,440600,0.8,277640,880,1799800
FINNIFTY02JAN2421050PE.NFO,02/01/2024,09:20:58,0.75,0.75,424400,0.8,289880,10720,1799800
FINNIFTY02JAN2421050PE.NFO,02/01/2024,09:20:59,0.8,0.75,435880,0.8,267320,280,1799800
FINNIFTY02JAN2421050PE.NFO,02/01/2024,09:21:01,0.75,0.75,403600,0.8,310040,760,1799800
FINNIFTY02JAN2421050PE.NFO,02/01/2024,09:21:02,0.8,0.75,391000,0.8,309760,280,1799800
FINNIFTY02JAN2421050PE.NFO,02/01/2024,09:21:03,0.8,0.75,438680,0.8,255080,17240,1799800
FINNIFTY02JAN2421050PE.NFO,02/01/2024,09:21:04,0.8,0.75,440160,0.8,256880,2320,1799800
FINNIFTY02JAN2421050PE.NFO,02/01/2024,09:21:05,0.8,0.75,440240,0.8,278320,480,1799800
FINNIFTY02JAN2421050PE.NFO,02/01/2024,09:21:06,0.75,0.75,437920,0.8,303280,1160,1799800
FINNIFTY02JAN2421050PE.NFO,02/01/2024,09:21:07,0.8,0.75,471240,0.8,296480,23680,1799800
FINNIFTY02JAN2421050PE.NFO,02/01/2024,09:21:08,0.8,0.75,456240,0.8,305600,10320,1799800
FINNIFTY02JAN2421050PE.NFO,02/01/2024,09:21:09,0.8,0.75,416840,0.8,351960,6240,1799800
FINNIFTY02JAN2421050PE.NFO,02/01/2024,09:21:10,0.8,0.75,451720,0.8,314880,4200,1799800
FINNIFTY02JAN2421050PE.NFO,02/01/2024,09:21:11,0.8,0.75,424240,0.8,332080,6480,1799800
FINNIFTY02JAN2421050PE.NFO,02/01/2024,09:21:12,0.8,0.75,421400,0.8,337160,5880,1799800
FINNIFTY02JAN2421050PE.NFO,02/01/2024,09:21:13,0.8,0.75,420720,0.8,343960,9000,1799800
FINNIFTY02JAN2421050PE.NFO,02/01/2024,09:21:14,0.8,0.75,421040,0.8,338880,13240,1799800
FINNIFTY02JAN2421050PE.NFO,02/01/2024,09:21:15,0.8,0.75,449760,0.8,281800,4600,1799800
FINNIFTY02JAN2421050PE.NFO,02/01/2024,09:21:16,0.8,0.75,458600,0.8,277680,1440,1799800
FINNIFTY02JAN2421050PE.NFO,02/01/2024,09:21:17,0.75,0.75,461720,0.8,284320,1880,1799800
FINNIFTY02JAN2421050PE.NFO,02/01/2024,09:21:18,0.8,0.75,461320,0.8,291920,1880,1799800
FINNIFTY02JAN2421050PE.NFO,02/01/2024,09:21:19,0.8,0.75,461280,0.8,287640,360,1799800
FINNIFTY02JAN2421050PE.NFO,02/01/2024,09:21:20,0.8,0.75,433480,0.8,323560,12240,1799800
FINNIFTY02JAN2421050PE.NFO,02/01/2024,09:21:21,0.8,0.75,466000,0.8,298400,2640,1799800
FINNIFTY02JAN2421050PE.NFO,02/01/2024,09:21:22,0.8,0.75,436000,0.8,318600,5080,1799800
FINNIFTY02JAN2421050PE.NFO,02/01/2024,09:21:23,0.8,0.75,426600,0.8,309680,15240,1799800
FINNIFTY02JAN2421050PE.NFO,02/01/2024,09:21:24,0.8,0.75,435880,0.8,285920,15000,1799800
FINNIFTY02JAN2421050PE.NFO,02/01/2024,09:21:25,0.75,0.75,467760,0.8,242440,6680,1799800
FINNIFTY02JAN2421050PE.NFO,02/01/2024,09:21:26,0.8,0.75,470360,0.8,234920,6480,1799800
FINNIFTY02JAN2421050PE.NFO,02/01/2024,09:21:27,0.8,0.75,468200,0.8,217880,11160,1799800
FINNIFTY02JAN2421050PE.NFO,02/01/2024,09:21:28,0.75,0.75,522400,0.8,241200,5960,1799800
FINNIFTY02JAN2421050PE.NFO,02/01/2024,09:21:29,0.75,0.75,470760,0.8,237320,16840,1799800
FINNIFTY02JAN2421050PE.NFO,02/01/2024,09:21:30,0.8,0.75,468600,0.8,238600,7040,1799800
FINNIFTY02JAN2421050PE.NFO,02/01/2024,09:21:30,0.8,0.75,461720,0.8,247560,40,1799800
FINNIFTY02JAN2421050PE.NFO,02/01/2024,09:21:31,0.8,0.75,467640,0.8,222320,7200,1799800
FINNIFTY02JAN2421050PE.NFO,02/01/2024,09:21:32,0.8,0.8,125800,0.85,259280,117160,1799800
FINNIFTY02JAN2421050PE.NFO,02/01/2024,09:21:33,0.8,0.75,442560,0.8,136120,122160,1799800
FINNIFTY02JAN2421050PE.NFO,02/01/2024,09:21:34,0.8,0.8,171680,0.85,240360,122520,1799800
FINNIFTY02JAN2421050PE.NFO,02/01/2024,09:21:35,0.8,0.8,208680,0.85,197080,880,1799800
FINNIFTY02JAN2421050PE.NFO,02/01/2024,09:21:36,0.85,0.8,209240,0.85,224560,1600,1799800
FINNIFTY02JAN2421050PE.NFO,02/01/2024,09:21:37,0.85,0.8,235000,0.85,233120,3080,1799800
FINNIFTY02JAN2421050PE.NFO,02/01/2024,09:21:38,0.85,0.8,249680,0.85,224200,2360,1799800
FINNIFTY02JAN2421050PE.NFO,02/01/2024,09:21:39,0.8,0.8,245360,0.85,224960,2200,1799800
FINNIFTY02JAN2421050PE.NFO,02/01/2024,09:21:40,0.8,0.8,247320,0.85,222160,2040,1799800
FINNIFTY02JAN2421050PE.NFO,02/01/2024,09:21:41,0.85,0.8,247680,0.85,221240,2040,1799800
FINNIFTY02JAN2421050PE.NFO,02/01/2024,09:21:42,0.85,0.8,243040,0.85,203080,8480,1799800
FINNIFTY02JAN2421050PE.NFO,02/01/2024,09:21:43,0.8,0.8,238400,0.85,202200,6520,1799800
FINNIFTY02JAN2421050PE.NFO,02/01/2024,09:21:44,0.85,0.8,251040,0.85,203160,960,1799800
FINNIFTY02JAN2421050PE.NFO,02/01/2024,09:21:45,0.8,0.8,258480,0.85,209120,360,1799800
FINNIFTY02JAN2421050PE.NFO,02/01/2024,09:21:46,0.8,0.8,258360,0.85,210880,160,1799800
FINNIFTY02JAN2421050PE.NFO,02/01/2024,09:21:47,0.85,0.8,258600,0.85,209640,1960,1799800
FINNIFTY02JAN2421050PE.NFO,02/01/2024,09:21:48,0.8,0.8,254080,0.85,218920,2200,1799800
FINNIFTY02JAN2421050PE.NFO,02/01/2024,09:21:49,0.85,0.8,241800,0.85,250840,3800,1799800
FINNIFTY02JAN2421050PE.NFO,02/01/2024,09:21:50,0.8,0.8,249200,0.85,240520,9600,1799800
FINNIFTY02JAN2421050PE.NFO,02/01/2024,09:21:51,0.8,0.8,238720,0.85,247840,4160,1799800
FINNIFTY02JAN2421050PE.NFO,02/01/2024,09:21:52,0.85,0.8,233360,0.85,253080,1560,1799800
FINNIFTY02JAN2421050PE.NFO,02/01/2024,09:21:53,0.8,0.8,258680,0.85,226040,6680,1799800
FINNIFTY02JAN2421050PE.NFO,02/01/2024,09:21:54,0.85,0.8,253600,0.85,238160,16600,1799800
FINNIFTY02JAN2421050PE.NFO,02/01/2024,09:21:55,0.8,0.8,254480,0.85,228520,4320,1799800
FINNIFTY02JAN2421050PE.NFO,02/01/2024,09:21:56,0.8,0.8,248240,0.85,250000,17360,1799800
FINNIFTY02JAN2421050PE.NFO,02/01/2024,09:21:57,0.8,0.8,257680,0.85,258520,4680,1799800
FINNIFTY02JAN2421050PE.NFO,02/01/2024,09:21:58,0.85,0.8,262400,0.85,249440,4000,1799800
FINNIFTY02JAN2421050PE.NFO,02/01/2024,09:21:59,0.85,0.8,268600,0.85,239960,9600,1799800
FINNIFTY02JAN2421050PE.NFO,02/01/2024,09:22:00,0.85,0.8,241960,0.85,276160,10000,1799800
FINNIFTY02JAN2421050PE.NFO,02/01/2024,09:22:01,0.8,0.75,511520,0.8,151400,129760,1799800
FINNIFTY02JAN2421050PE.NFO,02/01/2024,09:22:02,0.8,0.75,520440,0.8,219240,4600,1799800
FINNIFTY02JAN2421050PE.NFO,02/01/2024,09:22:03,0.75,0.75,482200,0.8,253920,32160,1799800
FINNIFTY02JAN2421050PE.NFO,02/01/2024,09:22:04,0.8,0.75,523680,0.8,214960,5720,1799800
FINNIFTY02JAN2421050PE.NFO,02/01/2024,09:22:05,0.75,0.75,520280,0.8,212640,720,1799800
FINNIFTY02JAN2421050PE.NFO,02/01/2024,09:22:06,0.75,0.75,520160,0.8,213320,120,1799800
FINNIFTY02JAN2421050PE.NFO,02/01/2024,09:22:07,0.8,0.75,501840,0.8,224480,14320,1799800
FINNIFTY02JAN2421050PE.NFO,02/01/2024,09:22:08,0.75,0.75,501840,0.8,224840,1880,1799800
FINNIFTY02JAN2421050PE.NFO,02/01/2024,09:22:09,0.8,0.75,496440,0.8,215080,1920,1799800
FINNIFTY02JAN2421050PE.NFO,02/01/2024,09:22:11,0.8,0.75,510760,0.8,225840,1040,1799800
FINNIFTY02JAN2421050PE.NFO,02/01/2024,09:22:12,0.8,0.75,514840,0.8,218360,1640,1799800
FINNIFTY02JAN2421050PE.NFO,02/01/2024,09:22:12,0.8,0.75,520240,0.8,212840,120,1799800
FINNIFTY02JAN2421050PE.NFO,02/01/2024,09:22:13,0.8,0.75,519520,0.8,207840,3160,1799800
FINNIFTY02JAN2421050PE.NFO,02/01/2024,09:22:14,0.8,0.75,517560,0.8,204320,7320,1799800
FINNIFTY02JAN2421050PE.NFO,02/01/2024,09:22:16,0.75,0.75,512600,0.8,206640,2440,1799800
FINNIFTY02JAN2421050PE.NFO,02/01/2024,09:22:16,0.8,0.75,509400,0.8,214480,3440,1799800
FINNIFTY02JAN2421050PE.NFO,02/01/2024,09:22:18,0.8,0.75,496560,0.8,226200,1040,1799800
FINNIFTY02JAN2421050PE.NFO,02/01/2024,09:22:18,0.8,0.75,537960,0.8,194200,600,1799800
FINNIFTY02JAN2421050PE.NFO,02/01/2024,09:22:19,0.75,0.75,536720,0.8,200440,3720,1799800
FINNIFTY02JAN2421050PE.NFO,02/01/2024,09:22:20,0.8,0.75,536720,0.8,200120,1400,1799800
FINNIFTY02JAN2421050PE.NFO,02/01/2024,09:22:21,0.8,0.75,538160,0.8,191800,5280,1799800
FINNIFTY02JAN2421050PE.NFO,02/01/2024,09:22:23,0.8,0.75,537600,0.8,189560,5040,1799800
FINNIFTY02JAN2421050PE.NFO,02/01/2024,09:22:24,0.75,0.75,513800,0.8,222440,2840,1799800
FINNIFTY02JAN2421050PE.NFO,02/01/2024,09:22:24,0.8,0.75,513800,0.8,221120,1800,1799800
FINNIFTY02JAN2421050PE.NFO,02/01/2024,09:22:25,0.75,0.75,494320,0.8,227480,3640,1799800
FINNIFTY02JAN2421050PE.NFO,02/01/2024,09:22:26,0.75,0.75,505040,0.8,227400,120,1799800
FINNIFTY02JAN2421050PE.NFO,02/01/2024,09:22:27,0.8,0.75,496360,0.8,207160,4240,1799800
FINNIFTY02JAN2421050PE.NFO,02/01/2024,09:22:28,0.75,0.75,533160,0.8,183960,1040,1799800
FINNIFTY02JAN2421050PE.NFO,02/01/2024,09:22:29,0.8,0.75,533120,0.8,184000,120,1799800
FINNIFTY02JAN2421050PE.NFO,02/01/2024,09:22:30,0.8,0.75,529200,0.8,196920,4600,1799800
FINNIFTY02JAN2421050PE.NFO,02/01/2024,09:22:31,0.8,0.75,530880,0.8,191080,3360,1799800
FINNIFTY02JAN2421050PE.NFO,02/01/2024,09:22:32,0.75,0.75,538080,0.8,161720,3320,1799800
FINNIFTY02JAN2421050PE.NFO,02/01/2024,09:22:33,0.75,0.75,494760,0.8,236480,1000,1799800
FINNIFTY02JAN2421050PE.NFO,02/01/2024,09:22:34,0.75,0.75,496680,0.8,236520,0,1799800
FINNIFTY02JAN2421050PE.NFO,02/01/2024,09:22:35,0.8,0.75,496520,0.8,236120,440,1799800
FINNIFTY02JAN2421050PE.NFO,02/01/2024,09:22:36,0.75,0.75,530800,0.8,198880,1840,1799800
FINNIFTY02JAN2421050PE.NFO,02/01/2024,09:22:37,0.75,0.75,529000,0.8,203760,40,1799800
FINNIFTY02JAN2421050PE.NFO,02/01/2024,09:22:38,0.75,0.75,532360,0.8,201320,1000,1799800
FINNIFTY02JAN2421050PE.NFO,02/01/2024,09:22:39,0.75,0.75,519720,0.8,223480,1840,1799800
FINNIFTY02JAN2421050PE.NFO,02/01/2024,09:22:40,0.8,0.75,520400,0.8,228600,2160,1799800
FINNIFTY02JAN2421050PE.NFO,02/01/2024,09:22:41,0.75,0.75,529240,0.8,213960,240,1799800
FINNIFTY02JAN2421050PE.NFO,02/01/2024,09:22:42,0.8,0.75,529120,0.8,257520,240,1799800
FINNIFTY02JAN2421050PE.NFO,02/01/2024,09:22:43,0.75,0.75,528920,0.8,264400,240,1799800
FINNIFTY02JAN2421050PE.NFO,02/01/2024,09:22:44,0.8,0.75,519880,0.8,269520,5800,1799800
FINNIFTY02JAN2421050PE.NFO,02/01/2024,09:22:45,0.8,0.75,498240,0.8,290800,360,1799800
FINNIFTY02JAN2421050PE.NFO,02/01/2024,09:22:46,0.75,0.75,493520,0.8,288080,4720,1799800
FINNIFTY02JAN2421050PE.NFO,02/01/2024,09:22:47,0.8,0.75,494160,0.8,289200,6760,1799800
FINNIFTY02JAN2421050PE.NFO,02/01/2024,09:22:48,0.75,0.75,515720,0.8,273200,40,1799800
FINNIFTY02JAN2421050PE.NFO,02/01/2024,09:22:49,0.75,0.75,527280,0.8,262520,1040,1799800
FINNIFTY02JAN2421050PE.NFO,02/01/2024,09:22:50,0.75,0.75,527120,0.8,271400,160,1799800
FINNIFTY02JAN2421050PE.NFO,02/01/2024,09:22:51,0.8,0.75,502400,0.8,285600,11400,1799800
FINNIFTY02JAN2421050PE.NFO,02/01/2024,09:22:52,0.75,0.75,511360,0.8,256720,120,1799800
FINNIFTY02JAN2421050PE.NFO,02/01/2024,09:22:53,0.75,0.75,505920,0.8,280120,40,1799800
FINNIFTY02JAN2421050PE.NFO,02/01/2024,09:22:54,0.75,0.75,480760,0.8,294160,360,1799800
FINNIFTY02JAN2421050PE.NFO,02/01/2024,09:22:55,0.75,0.75,480280,0.8,296760,960,1799800
FINNIFTY02JAN2421050PE.NFO,02/01/2024,09:22:56,0.75,0.75,491600,0.8,295880,1280,1799800
FINNIFTY02JAN2421050PE.NFO,02/01/2024,09:22:57,0.8,0.75,520520,0.8,260720,2280,1799800
FINNIFTY02JAN2421050PE.NFO,02/01/2024,09:22:58,0.75,0.75,518920,0.8,253920,40,1799800
FINNIFTY02JAN2421050PE.NFO,02/01/2024,09:22:59,0.75,0.75,519800,0.8,264720,920,1799800
FINNIFTY02JAN2421050PE.NFO,02/01/2024,09:23:00,0.75,0.75,479000,0.8,296400,1040,1799800
FINNIFTY02JAN2421050PE.NFO,02/01/2024,09:23:01,0.75,0.75,525920,0.8,267520,120,1799800
FINNIFTY02JAN2421050PE.NFO,02/01/2024,09:23:02,0.75,0.75,511600,0.8,272920,40,1799800
FINNIFTY02JAN2421050PE.NFO,02/01/2024,09:23:03,0.75,0.75,504000,0.8,281800,360,1799800
FINNIFTY02JAN2421050PE.NFO,02/01/2024,09:23:04,0.75,0.75,486400,0.8,303400,40,1799800
FINNIFTY02JAN2421050PE.NFO,02/01/2024,09:23:05,0.75,0.75,522080,0.8,263960,0,1799800
FINNIFTY02JAN2421050PE.NFO,02/01/2024,09:23:06,0.75,0.75,523840,0.8,266880,40,1799800
FINNIFTY02JAN2421050PE.NFO,02/01/2024,09:23:07,0.75,0.75,524560,0.8,275600,1080,1799800
FINNIFTY02JAN2421050PE.NFO,02/01/2024,09:23:08,0.75,0.75,523920,0.8,264800,640,1799800
FINNIFTY02JAN2421050PE.NFO,02/01/2024,09:23:09,0.75,0.75,500280,0.8,292040,1800,1799800
FINNIFTY02JAN2421050PE.NFO,02/01/2024,09:23:11,0.75,0.75,504560,0.8,284280,3840,1799800
FINNIFTY02JAN2421050PE.NFO,02/01/2024,09:23:12,0.8,0.75,503840,0.8,262720,10600,1799800
FINNIFTY02JAN2421050PE.NFO,02/01/2024,09:23:13,0.75,0.75,502960,0.8,261320,3920,1799800
FINNIFTY02JAN2421050PE.NFO,02/01/2024,09:23:14,0.8,0.75,502960,0.8,271640,80,1799800
FINNIFTY02JAN2421050PE.NFO,02/01/2024,09:23:15,0.8,0.75,502960,0.8,260840,0,1799800
FINNIFTY02JAN2421050PE.NFO,02/01/2024,09:23:16,0.8,0.75,500200,0.8,276760,1360,1799800
FINNIFTY02JAN2421050PE.NFO,02/01/2024,09:23:17,0.75,0.75,493720,0.8,269560,8240,1799800
FINNIFTY02JAN2421050PE.NFO,02/01/2024,09:23:18,0.8,0.75,493720,0.8,273160,1800,1799800
FINNIFTY02JAN2421050PE.NFO,02/01/2024,09:23:19,0.75,0.75,484000,0.8,285720,9560,1799800
FINNIFTY02JAN2421050PE.NFO,02/01/2024,09:23:20,0.75,0.75,450920,0.8,300640,13600,1799800
FINNIFTY02JAN2421050PE.NFO,02/01/2024,09:23:21,0.75,0.75,430200,0.8,300840,11000,1799800
FINNIFTY02JAN2421050PE.NFO,02/01/2024,09:23:22,0.75,0.75,467760,0.8,300520,1720,1799800
FINNIFTY02JAN2421050PE.NFO,02/01/2024,09:23:23,0.8,0.75,438960,0.8,327680,1600,1799800
FINNIFTY02JAN2421050PE.NFO,02/01/2024,09:23:24,0.8,0.75,463960,0.8,306080,0,1799800
FINNIFTY02JAN2421050PE.NFO,02/01/2024,09:23:25,0.8,0.75,468200,0.8,292680,1960,1799800
FINNIFTY02JAN2421050PE.NFO,02/01/2024,09:23:26,0.8,0.75,467760,0.8,294280,2800,1799800
FINNIFTY02JAN2421050PE.NFO,02/01/2024,09:23:27,0.75,0.75,455120,0.8,307600,4720,1799800
FINNIFTY02JAN2421050PE.NFO,02/01/2024,09:23:28,0.8,0.75,455080,0.8,317400,4320,1930280
FINNIFTY02JAN2421050PE.NFO,02/01/2024,09:23:29,0.8,0.75,466040,0.8,289320,4320,1930280
FINNIFTY02JAN2421050PE.NFO,02/01/2024,09:23:30,0.75,0.75,465040,0.8,286120,5360,1930280
FINNIFTY02JAN2421050PE.NFO,02/01/2024,09:23:30,0.8,0.75,464800,0.8,290040,1680,1930280
FINNIFTY02JAN2421050PE.NFO,02/01/2024,09:23:31,0.8,0.75,454000,0.8,284040,13720,1930280
FINNIFTY02JAN2421050PE.NFO,02/01/2024,09:23:32,0.75,0.75,453320,0.8,289800,1520,1930280
FINNIFTY02JAN2421050PE.NFO,02/01/2024,09:23:33,0.8,0.75,453040,0.8,289200,680,1930280
FINNIFTY02JAN2421050PE.NFO,02/01/2024,09:23:34,0.8,0.75,452520,0.8,288760,40,1930280
FINNIFTY02JAN2421050PE.NFO,02/01/2024,09:23:35,0.8,0.75,452520,0.8,294720,600,1930280
FINNIFTY02JAN2421050PE.NFO,02/01/2024,09:23:36,0.8,0.75,452400,0.8,288880,40,1930280
FINNIFTY02JAN2421050PE.NFO,02/01/2024,09:23:37,0.8,0.75,453960,0.8,301400,40,1930280
FINNIFTY02JAN2421050PE.NFO,02/01/2024,09:23:38,0.75,0.75,475480,0.8,288960,120,1930280
FINNIFTY02JAN2421050PE.NFO,02/01/2024,09:23:39,0.8,0.75,475560,0.8,292480,80,1930280
FINNIFTY02JAN2421050PE.NFO,02/01/2024,09:23:40,0.8,0.75,461040,0.8,312320,0,1930280
FINNIFTY02JAN2421050PE.NFO,02/01/2024,09:23:41,0.8,0.75,454120,0.8,319640,160,1930280
FINNIFTY02JAN2421050PE.NFO,02/01/2024,09:23:42,0.8,0.75,453960,0.8,320880,880,1930280
FINNIFTY02JAN2421050PE.NFO,02/01/2024,09:23:43,0.8,0.75,454120,0.8,317360,360,1930280
FINNIFTY02JAN2421050PE.NFO,02/01/2024,09:23:44,0.75,0.75,453400,0.8,315480,1280,1930280
FINNIFTY02JAN2421050PE.NFO,02/01/2024,09:23:46,0.75,0.75,442680,0.8,319920,11240,1930280
FINNIFTY02JAN2421050PE.NFO,02/01/2024,09:23:47,0.75,0.75,435320,0.8,318520,12040,1930280
FINNIFTY02JAN2421050PE.NFO,02/01/2024,09:23:47,0.75,0.75,431720,0.8,318520,1800,1930280
FINNIFTY02JAN2421050PE.NFO,02/01/2024,09:23:48,0.75,0.75,428760,0.8,316120,3200,1930280
FINNIFTY02JAN2421050PE.NFO,02/01/2024,09:23:49,0.75,0.75,384400,0.8,344880,1080,1930280
FINNIFTY02JAN2421050PE.NFO,02/01/2024,09:23:50,0.75,0.75,380120,0.8,344840,1280,1930280
FINNIFTY02JAN2421050PE.NFO,02/01/2024,09:23:52,0.8,0.75,392560,0.8,345440,1640,1930280
FINNIFTY02JAN2421050PE.NFO,02/01/2024,09:23:53,0.8,0.75,422200,0.8,315840,1520,1930280
FINNIFTY02JAN2421050PE.NFO,02/01/2024,09:23:54,0.75,0.75,423680,0.8,324840,760,1930280
FINNIFTY02JAN2421050PE.NFO,02/01/2024,09:23:55,0.8,0.75,423600,0.8,351720,2040,1930280
FINNIFTY02JAN2421050PE.NFO,02/01/2024,09:23:56,0.8,0.75,392560,0.8,380800,480,1930280
FINNIFTY02JAN2421050PE.NFO,02/01/2024,09:23:57,0.8,0.75,421120,0.8,325640,10200,1930280
FINNIFTY02JAN2421050PE.NFO,02/01/2024,09:23:57,0.8,0.75,421360,0.8,337840,40,1930280
FINNIFTY02JAN2421050PE.NFO,02/01/2024,09:23:58,0.8,0.75,469000,0.8,331760,1520,1930280
FINNIFTY02JAN2421050PE.NFO,02/01/2024,09:23:59,0.8,0.75,685920,0.8,137640,155760,1930280
FINNIFTY02JAN2421050PE.NFO,02/01/2024,09:24:00,0.8,0.75,683600,0.8,31360,102560,1930280
FINNIFTY02JAN2421050PE.NFO,02/01/2024,09:24:01,0.8,0.8,89960,0.85,214640,51920,1930280
FINNIFTY02JAN2421050PE.NFO,02/01/2024,09:24:02,0.8,0.8,149280,0.85,214640,640,1930280
FINNIFTY02JAN2421050PE.NFO,02/01/2024,09:24:04,0.8,0.8,154320,0.85,212600,80,1930280
FINNIFTY02JAN2421050PE.NFO,02/01/2024,09:24:05,0.85,0.8,184360,0.85,179080,5400,1930280
FINNIFTY02JAN2421050PE.NFO,02/01/2024,09:24:06,0.8,0.8,183680,0.85,168440,2280,1930280
FINNIFTY02JAN2421050PE.NFO,02/01/2024,09:24:07,0.8,0.8,183720,0.85,166280,2400,1930280
FINNIFTY02JAN2421050PE.NFO,02/01/2024,09:24:08,0.85,0.8,183080,0.85,177520,6680,1930280
FINNIFTY02JAN2421050PE.NFO,02/01/2024,09:24:09,0.8,0.8,179760,0.85,184800,10320,1930280
FINNIFTY02JAN2421050PE.NFO,02/01/2024,09:24:10,0.8,0.8,174480,0.85,202800,320,1930280
FINNIFTY02JAN2421050PE.NFO,02/01/2024,09:24:11,0.85,0.8,172200,0.85,216640,440,1930280
FINNIFTY02JAN2421050PE.NFO,02/01/2024,09:24:11,0.85,0.8,172200,0.85,218240,40,1930280
FINNIFTY02JAN2421050PE.NFO,02/01/2024,09:24:12,0.8,0.8,145600,0.85,226720,25320,1930280
FINNIFTY02JAN2421050PE.NFO,02/01/2024,09:24:14,0.8,0.75,396480,0.8,222760,74360,1930280
FINNIFTY02JAN2421050PE.NFO,02/01/2024,09:24:15,0.8,0.75,403600,0.8,250000,1000,1930280
FINNIFTY02JAN2421050PE.NFO,02/01/2024,09:24:16,0.8,0.75,482080,0.8,265840,2320,1930280
FINNIFTY02JAN2421050PE.NFO,02/01/2024,09:24:17,0.8,0.75,489240,0.8,270560,160,1930280
FINNIFTY02JAN2421050PE.NFO,02/01/2024,09:24:18,0.8,0.75,512760,0.8,253880,760,1930280
FINNIFTY02JAN2421050PE.NFO,02/01/2024,09:24:19,0.75,0.75,520160,0.8,252600,1160,1930280
FINNIFTY02JAN2421050PE.NFO,02/01/2024,09:24:20,0.8,0.75,523720,0.8,262360,5080,1930280
FINNIFTY02JAN2421050PE.NFO,02/01/2024,09:24:21,0.8,0.75,523640,0.8,251440,160,1930280
FINNIFTY02JAN2421050PE.NFO,02/01/2024,09:24:22,0.8,0.75,528200,0.8,248440,7560,1930280
FINNIFTY02JAN2421050PE.NFO,02/01/2024,09:24:23,0.8,0.75,534240,0.8,260840,7440,1930280
FINNIFTY02JAN2421050PE.NFO,02/01/2024,09:24:24,0.8,0.8,326200,0.85,202600,172360,1930280
FINNIFTY02JAN2421050PE.NFO,02/01/2024,09:24:25,0.8,0.8,406960,0.85,211720,1280,1930280
FINNIFTY02JAN2421050PE.NFO,02/01/2024,09:24:26,0.85,0.8,434200,0.85,187160,280,1930280
FINNIFTY02JAN2421050PE.NFO,02/01/2024,09:24:27,0.85,0.8,435360,0.85,165400,520,1930280
FINNIFTY02JAN2421050PE.NFO,02/01/2024,09:24:27,0.85,0.8,434640,0.85,176880,1120,1930280
FINNIFTY02JAN2421050PE.NFO,02/01/2024,09:24:28,0.85,0.8,436720,0.85,167400,80,1930280
FINNIFTY02JAN2421050PE.NFO,02/01/2024,09:24:29,0.8,0.8,434840,0.85,180400,1960,1930280
FINNIFTY02JAN2421050PE.NFO,02/01/2024,09:24:30,0.85,0.8,433000,0.85,174200,280,1930280
FINNIFTY02JAN2421050PE.NFO,02/01/2024,09:24:31,0.85,0.8,432760,0.85,174320,120,1930280
FINNIFTY02JAN2421050PE.NFO,02/01/2024,09:24:32,0.85,0.8,433800,0.85,187120,1080,1930280
FINNIFTY02JAN2421050PE.NFO,02/01/2024,09:24:33,0.85,0.8,437560,0.85,186480,920,1930280
FINNIFTY02JAN2421050PE.NFO,02/01/2024,09:24:35,0.85,0.8,427080,0.85,197080,1760,1930280
FINNIFTY02JAN2421050PE.NFO,02/01/2024,09:24:36,0.85,0.8,425800,0.85,203480,3600,1930280
FINNIFTY02JAN2421050PE.NFO,02/01/2024,09:24:37,0.8,0.8,389600,0.85,230440,1960,1930280
FINNIFTY02JAN2421050PE.NFO,02/01/2024,09:24:37,0.85,0.8,392120,0.85,232040,200,1930280
FINNIFTY02JAN2421050PE.NFO,02/01/2024,09:24:38,0.85,0.8,418840,0.85,211560,680,1930280
FINNIFTY02JAN2421050PE.NFO,02/01/2024,09:24:40,0.85,0.8,404040,0.85,244840,1640,1930280
FINNIFTY02JAN2421050PE.NFO,02/01/2024,09:24:41,0.8,0.8,410280,0.85,250520,320,1930280
FINNIFTY02JAN2421050PE.NFO,02/01/2024,09:24:42,0.8,0.8,433480,0.85,214480,4440,1930280
FINNIFTY02JAN2421050PE.NFO,02/01/2024,09:24:43,0.85,0.8,395160,0.85,234320,5120,1930280
FINNIFTY02JAN2421050PE.NFO,02/01/2024,09:24:43,0.85,0.8,420360,0.85,234440,0,1930280
FINNIFTY02JAN2421050PE.NFO,02/01/2024,09:24:44,0.8,0.8,434760,0.85,221680,80,1930280
FINNIFTY02JAN2421050PE.NFO,02/01/2024,09:24:45,0.85,0.8,411280,0.85,245040,160,1930280
FINNIFTY02JAN2421050PE.NFO,02/01/2024,09:24:47,0.8,0.8,419840,0.85,239440,800,1930280
FINNIFTY02JAN2421050PE.NFO,02/01/2024,09:24:48,0.85,0.8,434280,0.85,224000,40,1930280
FINNIFTY02JAN2421050PE.NFO,02/01/2024,09:24:49,0.8,0.8,438120,0.85,220360,14120,1930280
FINNIFTY02JAN2421050PE.NFO,02/01/2024,09:24:49,0.85,0.8,446320,0.85,216840,2680,1930280
FINNIFTY02JAN2421050PE.NFO,02/01/2024,09:24:50,0.85,0.8,446760,0.85,228280,0,1930280
FINNIFTY02JAN2421050PE.NFO,02/01/2024,09:24:51,0.85,0.8,444760,0.85,219840,7040,1930280
FINNIFTY02JAN2421050PE.NFO,02/01/2024,09:24:53,0.85,0.8,444760,0.85,174360,7120,1930280
FINNIFTY02JAN2421050PE.NFO,02/01/2024,09:24:54,0.85,0.8,441880,0.85,216000,1200,1930280
FINNIFTY02JAN2421050PE.NFO,02/01/2024,09:24:55,0.8,0.8,430960,0.85,207240,160,1930280
FINNIFTY02JAN2421050PE.NFO,02/01/2024,09:24:56,0.85,0.8,432320,0.85,201560,360,1930280
FINNIFTY02JAN2421050PE.NFO,02/01/2024,09:24:56,0.85,0.8,432320,0.85,203320,40,1930280
FINNIFTY02JAN2421050PE.NFO,02/01/2024,09:24:57,0.85,0.8,412360,0.85,233040,22720,1930280
FINNIFTY02JAN2421050PE.NFO,02/01/2024,09:24:59,0.8,0.8,392320,0.85,247480,2000,1930280
FINNIFTY02JAN2421050PE.NFO,02/01/2024,09:25:00,0.8,0.8,374120,0.85,254640,240,1930280
FINNIFTY02JAN2421050PE.NFO,02/01/2024,09:25:01,0.85,0.8,383680,0.85,246360,3640,1930280
FINNIFTY02JAN2421050PE.NFO,02/01/2024,09:25:01,0.8,0.8,409040,0.85,215760,560,1930280
FINNIFTY02JAN2421050PE.NFO,02/01/2024,09:25:02,0.8,0.8,384720,0.85,245880,3320,1930280
FINNIFTY02JAN2421050PE.NFO,02/01/2024,09:25:03,0.8,0.8,403600,0.85,222600,11880,1930280
FINNIFTY02JAN2421050PE.NFO,02/01/2024,09:25:04,0.85,0.8,406840,0.85,222320,1720,1930280
FINNIFTY02JAN2421050PE.NFO,02/01/2024,09:25:05,0.8,0.8,367840,0.85,253000,280,1930280
FINNIFTY02JAN2421050PE.NFO,02/01/2024,09:25:06,0.8,0.8,378680,0.85,232760,8040,1930280
FINNIFTY02JAN2421050PE.NFO,02/01/2024,09:25:07,0.8,0.8,404400,0.85,201840,600,1930280
FINNIFTY02JAN2421050PE.NFO,02/01/2024,09:25:08,0.85,0.8,406320,0.85,216400,160,1930280
FINNIFTY02JAN2421050PE.NFO,02/01/2024,09:25:09,0.85,0.8,375280,0.85,245520,1800,1930280
FINNIFTY02JAN2421050PE.NFO,02/01/2024,09:25:10,0.85,0.8,399160,0.85,222000,0,1930280
FINNIFTY02JAN2421050PE.NFO,02/01/2024,09:25:11,0.85,0.8,375640,0.85,256520,240,1930280
FINNIFTY02JAN2421050PE.NFO,02/01/2024,09:25:12,0.8,0.8,375000,0.85,245720,680,1930280
FINNIFTY02JAN2421050PE.NFO,02/01/2024,09:25:14,0.8,0.8,384120,0.85,247440,480,1930280
FINNIFTY02JAN2421050PE.NFO,02/01/2024,09:25:15,0.8,0.8,379400,0.85,247400,1240,1930280
FINNIFTY02JAN2421050PE.NFO,02/01/2024,09:25:16,0.8,0.8,381200,0.85,247320,320,1930280
FINNIFTY02JAN2421050PE.NFO,02/01/2024,09:25:17,0.8,0.8,387640,0.85,245680,120,1930280
FINNIFTY02JAN2421050PE.NFO,02/01/2024,09:25:17,0.8,0.8,372680,0.85,247600,5120,1930280
FINNIFTY02JAN2421050PE.NFO,02/01/2024,09:25:18,0.85,0.8,415920,0.85,216840,40,1930280
FINNIFTY02JAN2421050PE.NFO,02/01/2024,09:25:19,0.85,0.8,403280,0.85,233000,80,1930280
FINNIFTY02JAN2421050PE.NFO,02/01/2024,09:25:20,0.85,0.8,406880,0.85,231000,520,1930280
FINNIFTY02JAN2421050PE.NFO,02/01/2024,09:25:21,0.85,0.8,430120,0.85,237840,760,1930280
FINNIFTY02JAN2421050PE.NFO,02/01/2024,09:25:22,0.8,0.8,428120,0.85,217240,2120,1930280
FINNIFTY02JAN2421050PE.NFO,02/01/2024,09:25:24,0.8,0.8,378840,0.85,245320,3320,1930280
FINNIFTY02JAN2421050PE.NFO,02/01/2024,09:25:24,0.85,0.8,389400,0.85,362560,3360,1930280
FINNIFTY02JAN2421050PE.NFO,02/01/2024,09:25:26,0.8,0.8,372600,0.85,377520,1960,1930280
FINNIFTY02JAN2421050PE.NFO,02/01/2024,09:25:26,0.85,0.8,418080,0.85,338240,1320,1930280
FINNIFTY02JAN2421050PE.NFO,02/01/2024,09:25:27,0.85,0.8,411640,0.85,347000,1360,1930280
FINNIFTY02JAN2421050PE.NFO,02/01/2024,09:25:28,0.8,0.8,411080,0.85,341480,600,1930280
FINNIFTY02JAN2421050PE.NFO,02/01/2024,09:25:29,0.85,0.8,408400,0.85,348240,1640,1930280
FINNIFTY02JAN2421050PE.NFO,02/01/2024,09:25:31,0.85,0.8,407760,0.85,342600,200,1930280
FINNIFTY02JAN2421050PE.NFO,02/01/2024,09:25:32,0.8,0.8,254040,0.85,335760,134640,1930280
FINNIFTY02JAN2421050PE.NFO,02/01/2024,09:25:33,0.85,0.8,307840,0.85,310360,240,1930280
FINNIFTY02JAN2421050PE.NFO,02/01/2024,09:25:34,0.85,0.8,309680,0.85,297880,5560,1930280
FINNIFTY02JAN2421050PE.NFO,02/01/2024,09:25:35,0.85,0.8,320000,0.85,295800,160,1930280
FINNIFTY02JAN2421050PE.NFO,02/01/2024,09:25:35,0.8,0.8,318200,0.85,295800,1800,1930280
FINNIFTY02JAN2421050PE.NFO,02/01/2024,09:25:36,0.85,0.8,318200,0.85,297520,40,1930280
FINNIFTY02JAN2421050PE.NFO,02/01/2024,09:25:38,0.85,0.8,316400,0.85,286640,2200,1930280
FINNIFTY02JAN2421050PE.NFO,02/01/2024,09:25:39,0.8,0.8,315880,0.85,279400,520,1930280
FINNIFTY02JAN2421050PE.NFO,02/01/2024,09:25:40,0.8,0.8,315920,0.85,270280,2240,1930280
FINNIFTY02JAN2421050PE.NFO,02/01/2024,09:25:41,0.8,0.8,312680,0.85,261360,4640,1930280
FINNIFTY02JAN2421050PE.NFO,02/01/2024,09:25:42,0.8,0.8,289600,0.85,274080,40,1930280
FINNIFTY02JAN2421050PE.NFO,02/01/2024,09:25:43,0.85,0.8,284680,0.85,263800,8080,1930280
FINNIFTY02JAN2421050PE.NFO,02/01/2024,09:25:44,0.8,0.8,279600,0.85,258600,40,1930280
FINNIFTY02JAN2421050PE.NFO,02/01/2024,09:25:45,0.8,0.8,306720,0.85,215880,1520,1930280
FINNIFTY02JAN2421050PE.NFO,02/01/2024,09:25:46,0.8,0.8,288720,0.85,214080,0,1930280
FINNIFTY02JAN2421050PE.NFO,02/01/2024,09:25:47,0.8,0.8,274520,0.85,215680,3120,1930280
FINNIFTY02JAN2421050PE.NFO,02/01/2024,09:25:48,0.8,0.8,276560,0.85,211560,3520,1930280
FINNIFTY02JAN2421050PE.NFO,02/01/2024,09:25:49,0.85,0.8,283600,0.85,204320,2320,1930280
FINNIFTY02JAN2421050PE.NFO,02/01/2024,09:25:50,0.8,0.8,277560,0.85,207920,240,1930280
FINNIFTY02JAN2421050PE.NFO,02/01/2024,09:25:51,0.8,0.8,274520,0.85,207920,960,1930280
FINNIFTY02JAN2421050PE.NFO,02/01/2024,09:25:52,0.8,0.8,274160,0.85,207880,960,1930280
FINNIFTY02JAN2421050PE.NFO,02/01/2024,09:25:53,0.8,0.8,277120,0.85,209560,320,1930280
FINNIFTY02JAN2421050PE.NFO,02/01/2024,09:25:54,0.8,0.8,308560,0.85,175480,4240,1930280
FINNIFTY02JAN2421050PE.NFO,02/01/2024,09:25:55,0.8,0.8,306240,0.85,170120,2200,1930280
FINNIFTY02JAN2421050PE.NFO,02/01/2024,09:25:56,0.8,0.8,308480,0.85,178880,280,1930280
FINNIFTY02JAN2421050PE.NFO,02/01/2024,09:25:57,0.85,0.8,313920,0.85,167720,360,1930280
FINNIFTY02JAN2421050PE.NFO,02/01/2024,09:25:58,0.8,0.8,305040,0.85,169040,3800,1930280
FINNIFTY02JAN2421050PE.NFO,02/01/2024,09:25:59,0.85,0.8,305000,0.85,179960,40,1930280
FINNIFTY02JAN2421050PE.NFO,02/01/2024,09:26:00,0.8,0.8,320200,0.85,170960,1800,1930280
FINNIFTY02JAN2421050PE.NFO,02/01/2024,09:26:01,0.85,0.8,266160,0.85,212040,2360,1930280
FINNIFTY02JAN2421050PE.NFO,02/01/2024,09:26:02,0.8,0.8,301880,0.85,210640,520,1930280
FINNIFTY02JAN2421050PE.NFO,02/01/2024,09:26:03,0.85,0.8,312680,0.85,210480,40,1930280
FINNIFTY02JAN2421050PE.NFO,02/01/2024,09:26:04,0.8,0.8,312600,0.85,211880,120,1930280
FINNIFTY02JAN2421050PE.NFO,02/01/2024,09:26:05,0.8,0.8,325200,0.85,201440,480,1930280
FINNIFTY02JAN2421050PE.NFO,02/01/2024,09:26:05,0.8,0.8,326080,0.85,174280,840,1930280
FINNIFTY02JAN2421050PE.NFO,02/01/2024,09:26:06,0.8,0.8,307880,0.85,212440,5840,1930280
FINNIFTY02JAN2421050PE.NFO,02/01/2024,09:26:07,0.85,0.8,298440,0.85,213280,360,1930280
FINNIFTY02JAN2421050PE.NFO,02/01/2024,09:26:08,0.85,0.8,314640,0.85,207920,200,1930280
FINNIFTY02JAN2421050PE.NFO,02/01/2024,09:26:09,0.8,0.8,339720,0.85,186520,160,1930280
FINNIFTY02JAN2421050PE.NFO,02/01/2024,09:26:10,0.8,0.8,314560,0.85,184840,24880,1930280
FINNIFTY02JAN2421050PE.NFO,02/01/2024,09:26:11,0.8,0.8,251120,0.85,179760,35280,1930280
FINNIFTY02JAN2421050PE.NFO,02/01/2024,09:26:12,0.8,0.8,208480,0.85,181680,21880,1930280
FINNIFTY02JAN2421050PE.NFO,02/01/2024,09:26:13,0.8,0.8,262200,0.85,169400,840,1930280
FINNIFTY02JAN2421050PE.NFO,02/01/2024,09:26:14,0.85,0.8,230400,0.85,208160,2320,1930280
FINNIFTY02JAN2421050PE.NFO,02/01/2024,09:26:15,0.85,0.8,311240,0.85,165560,2600,1930280
FINNIFTY02JAN2421050PE.NFO,02/01/2024,09:26:16,0.8,0.75,435600,0.8,187200,421960,1930280
FINNIFTY02JAN2421050PE.NFO,02/01/2024,09:26:17,0.8,0.75,469960,0.8,191480,38320,1930280
FINNIFTY02JAN2421050PE.NFO,02/01/2024,09:26:18,0.75,0.75,446680,0.8,260560,24600,1930280
FINNIFTY02JAN2421050PE.NFO,02/01/2024,09:26:19,0.75,0.75,441320,0.8,265880,5400,1930280
FINNIFTY02JAN2421050PE.NFO,02/01/2024,09:26:20,0.8,0.75,473160,0.8,255880,7640,1930280
FINNIFTY02JAN2421050PE.NFO,02/01/2024,09:26:21,0.75,0.75,467640,0.8,249600,8120,1930280
FINNIFTY02JAN2421050PE.NFO,02/01/2024,09:26:22,0.75,0.75,484680,0.8,220640,7400,1930280
FINNIFTY02JAN2421050PE.NFO,02/01/2024,09:26:23,0.8,0.75,500400,0.8,211040,3960,1930280
FINNIFTY02JAN2421050PE.NFO,02/01/2024,09:26:24,0.75,0.75,501920,0.8,218320,4080,1930280
FINNIFTY02JAN2421050PE.NFO,02/01/2024,09:26:25,0.75,0.75,488800,0.8,239400,4120,1930280
FINNIFTY02JAN2421050PE.NFO,02/01/2024,09:26:26,0.75,0.75,496680,0.8,242160,5160,1930280
FINNIFTY02JAN2421050PE.NFO,02/01/2024,09:26:27,0.8,0.75,500400,0.8,230840,3080,2114040
FINNIFTY02JAN2421050PE.NFO,02/01/2024,09:26:28,0.8,0.75,500240,0.8,235640,360,2114040
FINNIFTY02JAN2421050PE.NFO,02/01/2024,09:26:29,0.75,0.75,495000,0.8,234280,5520,2114040
FINNIFTY02JAN2421050PE.NFO,02/01/2024,09:26:31,0.8,0.75,489120,0.8,237400,13840,2114040
FINNIFTY02JAN2421050PE.NFO,02/01/2024,09:26:32,0.85,0.8,805680,0.85,117240,229840,2114040
FINNIFTY02JAN2421050PE.NFO,02/01/2024,09:26:33,0.85,0.8,941000,0.85,91600,2480,2114040
FINNIFTY02JAN2421050PE.NFO,02/01/2024,09:26:34,0.85,0.8,903840,0.85,213880,200,2114040
FINNIFTY02JAN2421050PE.NFO,02/01/2024,09:26:35,0.8,0.8,901720,0.85,382920,2000,2114040
FINNIFTY02JAN2421050PE.NFO,02/01/2024,09:26:36,0.85,0.8,902160,0.85,421280,3760,2114040
FINNIFTY02JAN2421050PE.NFO,02/01/2024,09:26:37,0.8,0.8,946480,0.85,422960,840,2114040
FINNIFTY02JAN2421050PE.NFO,02/01/2024,09:26:38,0.85,0.8,934440,0.85,424240,37160,2114040
FINNIFTY02JAN2421050PE.NFO,02/01/2024,09:26:39,0.85,0.8,879960,0.85,464240,12240,2114040
FINNIFTY02JAN2421050PE.NFO,02/01/2024,09:26:40,0.85,0.8,878280,0.85,464680,7440,2114040
FINNIFTY02JAN2421050PE.NFO,02/01/2024,09:26:41,0.85,0.8,874520,0.85,470080,10080,2114040
FINNIFTY02JAN2421050PE.NFO,02/01/2024,09:26:42,0.85,0.8,913280,0.85,442760,5200,2114040
FINNIFTY02JAN2421050PE.NFO,02/01/2024,09:26:43,0.8,0.8,874920,0.85,471840,3360,2114040
FINNIFTY02JAN2421050PE.NFO,02/01/2024,09:26:44,0.8,0.8,910760,0.85,443000,5600,2114040
FINNIFTY02JAN2421050PE.NFO,02/01/2024,09:26:45,0.8,0.8,888440,0.85,452480,7760,2114040
FINNIFTY02JAN2421050PE.NFO,02/01/2024,09:26:46,0.8,0.8,889040,0.85,426960,3560,2114040
FINNIFTY02JAN2421050PE.NFO,02/01/2024,09:26:47,0.8,0.8,863240,0.85,467360,3640,2114040
FINNIFTY02JAN2421050PE.NFO,02/01/2024,09:26:48,0.8,0.8,890240,0.85,455760,880,2114040
FINNIFTY02JAN2421050PE.NFO,02/01/2024,09:26:49,0.85,0.8,809520,0.85,466680,4160,2114040
FINNIFTY02JAN2421050PE.NFO,02/01/2024,09:26:50,0.8,0.8,771800,0.85,366920,80120,2114040
FINNIFTY02JAN2421050PE.NFO,02/01/2024,09:26:51,0.8,0.8,705880,0.85,298400,60200,2114040
FINNIFTY02JAN2421050PE.NFO,02/01/2024,09:26:52,0.8,0.8,715760,0.85,305720,1920,2114040
FINNIFTY02JAN2421050PE.NFO,02/01/2024,09:26:53,0.8,0.8,697440,0.85,307400,13560,2114040
FINNIFTY02JAN2421050PE.NFO,02/01/2024,09:26:54,0.8,0.8,710760,0.85,296800,720,2114040
FINNIFTY02JAN2421050PE.NFO,02/01/2024,09:26:55,0.8,0.8,710680,0.85,296240,4160,2114040
FINNIFTY02JAN2421050PE.NFO,02/01/2024,09:26:56,0.8,0.8,643800,0.85,294000,40280,2114040
FINNIFTY02JAN2421050PE.NFO,02/01/2024,09:26:57,0.85,0.8,648200,0.85,293800,46840,2114040
FINNIFTY02JAN2421050PE.NFO,02/01/2024,09:26:58,0.85,0.8,650360,0.85,304520,3920,2114040
FINNIFTY02JAN2421050PE.NFO,02/01/2024,09:26:59,0.8,0.8,626440,0.85,340240,840,2114040
FINNIFTY02JAN2421050PE.NFO,02/01/2024,09:27:00,0.8,0.8,647160,0.85,307640,2760,2114040
FINNIFTY02JAN2421050PE.NFO,02/01/2024,09:27:01,0.8,0.8,647520,0.85,289000,5280,2114040
FINNIFTY02JAN2421050PE.NFO,02/01/2024,09:27:02,0.85,0.8,619200,0.85,339200,2320,2114040
FINNIFTY02JAN2421050PE.NFO,02/01/2024,09:27:03,0.85,0.8,614600,0.85,344080,760,2114040
FINNIFTY02JAN2421050PE.NFO,02/01/2024,09:27:04,0.85,0.8,595320,0.85,343200,2200,2114040
FINNIFTY02JAN2421050PE.NFO,02/01/2024,09:27:05,0.85,0.8,599760,0.85,334000,8440,2114040
FINNIFTY02JAN2421050PE.NFO,02/01/2024,09:27:06,0.85,0.8,153360,0.85,251480,21920,2114040
FINNIFTY02JAN2421050PE.NFO,02/01/2024,09:27:07,0.8,0.8,135680,0.85,263600,25560,2114040
FINNIFTY02JAN2421050PE.NFO,02/01/2024,09:27:08,0.8,0.8,144920,0.85,243720,14840,2114040
FINNIFTY02JAN2421050PE.NFO,02/01/2024,09:27:09,0.85,0.8,155720,0.85,252600,8960,2114040
FINNIFTY02JAN2421050PE.NFO,02/01/2024,09:27:10,0.85,0.8,131880,0.85,299040,11320,2114040
FINNIFTY02JAN2421050PE.NFO,02/01/2024,09:27:11,0.8,0.75,486320,0.8,455840,105200,2114040
FINNIFTY02JAN2421050PE.NFO,02/01/2024,09:27:12,0.8,0.75,496040,0.8,455400,4280,2114040
FINNIFTY02JAN2421050PE.NFO,02/01/2024,09:27:13,0.8,0.75,496920,0.8,449080,12160,2114040
FINNIFTY02JAN2421050PE.NFO,02/01/2024,09:27:14,0.8,0.75,466760,0.8,458160,13120,2114040
FINNIFTY02JAN2421050PE.NFO,02/01/2024,09:27:15,0.8,0.75,495000,0.8,444840,7440,2114040
FINNIFTY02JAN2421050PE.NFO,02/01/2024,09:27:16,0.8,0.75,1258040,0.8,422720,6560,2114040
FINNIFTY02JAN2421050PE.NFO,02/01/2024,09:27:17,0.8,0.75,1277920,0.8,371720,4280,2114040
FINNIFTY02JAN2421050PE.NFO,02/01/2024,09:27:18,0.8,0.75,1249640,0.8,447960,4760,2114040
FINNIFTY02JAN2421050PE.NFO,02/01/2024,09:27:19,0.8,0.75,1255920,0.8,432200,7880,2114040
FINNIFTY02JAN2421050PE.NFO,02/01/2024,09:27:20,0.8,0.75,1266280,0.8,409480,960,2114040
FINNIFTY02JAN2421050PE.NFO,02/01/2024,09:27:20,0.8,0.75,1273680,0.8,423880,0,2114040
FINNIFTY02JAN2421050PE.NFO,02/01/2024,09:27:21,0.8,0.75,1280720,0.8,427760,160,2114040
FINNIFTY02JAN2421050PE.NFO,02/01/2024,09:27:22,0.8,0.75,1278960,0.8,436400,280,2114040
FINNIFTY02JAN2421050PE.NFO,02/01/2024,09:27:23,0.75,0.75,1268200,0.8,471080,1600,2114040
FINNIFTY02JAN2421050PE.NFO,02/01/2024,09:27:24,0.8,0.75,1251960,0.8,470280,280,2114040
FINNIFTY02JAN2421050PE.NFO,02/01/2024,09:27:25,0.8,0.75,1250360,0.8,469560,1040,2114040
FINNIFTY02JAN2421050PE.NFO,02/01/2024,09:27:26,0.8,0.75,1251280,0.8,503040,2160,2114040
FINNIFTY02JAN2421050PE.NFO,02/01/2024,09:27:27,0.8,0.75,1253160,0.8,505320,160,2114040
FINNIFTY02JAN2421050PE.NFO,02/01/2024,09:27:28,0.8,0.75,1262040,0.8,499560,160,2114040
FINNIFTY02JAN2421050PE.NFO,02/01/2024,09:27:29,0.8,0.75,1251520,0.8,505800,240,2114040
FINNIFTY02JAN2421050PE.NFO,02/01/2024,09:27:31,0.8,0.75,1253120,0.8,507800,2000,2114040
FINNIFTY02JAN2421050PE.NFO,02/01/2024,09:27:32,0.8,0.75,1252520,0.8,507560,840,2114040
FINNIFTY02JAN2421050PE.NFO,02/01/2024,09:27:33,0.8,0.75,1260840,0.8,509640,1920,2114040
FINNIFTY02JAN2421050PE.NFO,02/01/2024,09:27:34,0.8,0.75,1281360,0.8,461400,2200,2114040
FINNIFTY02JAN2421050PE.NFO,02/01/2024,09:27:35,0.8,0.75,1283600,0.8,480640,6680,2114040
FINNIFTY02JAN2421050PE.NFO,02/01/2024,09:27:36,0.8,0.75,1280800,0.8,484400,5720,2114040
FINNIFTY02JAN2421050PE.NFO,02/01/2024,09:27:37,0.8,0.75,1277200,0.8,492600,520,2114040
FINNIFTY02JAN2421050PE.NFO,02/01/2024,09:27:38,0.8,0.75,1278160,0.8,494200,1000,2114040
FINNIFTY02JAN2421050PE.NFO,02/01/2024,09:27:39,0.8,0.75,1252800,0.8,514880,320,2114040
FINNIFTY02JAN2421050PE.NFO,02/01/2024,09:27:40,0.8,0.75,1252000,0.8,516480,960,2114040
FINNIFTY02JAN2421050PE.NFO,02/01/2024,09:27:41,0.75,0.75,1263240,0.8,517360,520,2114040
FINNIFTY02JAN2421050PE.NFO,02/01/2024,09:27:42,0.8,0.75,1288480,0.8,485800,1080,2114040
FINNIFTY02JAN2421050PE.NFO,02/01/2024,09:27:43,0.8,0.75,1252200,0.8,518400,400,2114040
FINNIFTY02JAN2421050PE.NFO,02/01/2024,09:27:44,0.8,0.75,1252720,0.8,519640,1560,2114040
FINNIFTY02JAN2421050PE.NFO,02/01/2024,09:27:45,0.8,0.75,1253160,0.8,521600,2080,2114040
FINNIFTY02JAN2421050PE.NFO,02/01/2024,09:27:46,0.8,0.75,1251960,0.8,521360,1440,2114040
FINNIFTY02JAN2421050PE.NFO,02/01/2024,09:27:47,0.8,0.75,1249000,0.8,525960,3160,2114040
FINNIFTY02JAN2421050PE.NFO,02/01/2024,09:27:48,0.8,0.75,1257920,0.8,525560,2000,2114040
FINNIFTY02JAN2421050PE.NFO,02/01/2024,09:27:49,0.8,0.75,1286840,0.8,478920,2800,2114040
FINNIFTY02JAN2421050PE.NFO,02/01/2024,09:27:50,0.8,0.75,1283880,0.8,484640,2680,2114040
FINNIFTY02JAN2421050PE.NFO,02/01/2024,09:27:51,0.8,0.75,1286360,0.8,459720,3520,2114040
FINNIFTY02JAN2421050PE.NFO,02/01/2024,09:27:52,0.8,0.75,1287840,0.8,474760,4880,2114040
FINNIFTY02JAN2421050PE.NFO,02/01/2024,09:27:53,0.8,0.75,1286960,0.8,475000,5680,2114040
FINNIFTY02JAN2421050PE.NFO,02/01/2024,09:27:54,0.8,0.75,1271760,0.8,525400,1040,2114040
FINNIFTY02JAN2421050PE.NFO,02/01/2024,09:27:55,0.8,0.75,1246640,0.8,539800,40,2114040
FINNIFTY02JAN2421050PE.NFO,02/01/2024,09:27:56,0.8,0.75,1286240,0.8,495520,1120,2114040
FINNIFTY02JAN2421050PE.NFO,02/01/2024,09:27:57,0.8,0.75,2076240,0.8,438360,69680,2114040
FINNIFTY02JAN2421050PE.NFO,02/01/2024,09:27:58,0.8,0.75,2040960,0.8,379480,56400,2114040
FINNIFTY02JAN2421050PE.NFO,02/01/2024,09:27:59,0.8,0.75,2056640,0.8,413920,16160,2114040
FINNIFTY02JAN2421050PE.NFO,02/01/2024,09:28:00,0.8,0.75,2039200,0.8,428160,7800,2114040
FINNIFTY02JAN2421050PE.NFO,02/01/2024,09:28:01,0.8,0.75,2039400,0.8,376600,5680,2114040
FINNIFTY02JAN2421050PE.NFO,02/01/2024,09:28:02,0.8,0.75,2039160,0.8,439480,3920,2114040
FINNIFTY02JAN2421050PE.NFO,02/01/2024,09:28:03,0.8,0.75,2077560,0.8,398520,5720,2114040
FINNIFTY02JAN2421050PE.NFO,02/01/2024,09:28:04,0.8,0.75,2052760,0.8,422400,8840,2114040
FINNIFTY02JAN2421050PE.NFO,02/01/2024,09:28:05,0.75,0.75,2012400,0.8,436320,4720,2114040
FINNIFTY02JAN2421050PE.NFO,02/01/2024,09:28:06,0.8,0.75,2010480,0.8,426000,4440,2114040
FINNIFTY02JAN2421050PE.NFO,02/01/2024,09:28:07,0.75,0.75,2048000,0.8,407040,2280,2114040
FINNIFTY02JAN2421050PE.NFO,02/01/2024,09:28:08,0.75,0.75,2047760,0.8,399480,4320,2114040
FINNIFTY02JAN2421050PE.NFO,02/01/2024,09:28:09,0.75,0.75,2018840,0.8,432360,4600,2114040
FINNIFTY02JAN2421050PE.NFO,02/01/2024,09:28:10,0.75,0.75,2007280,0.8,432280,1240,2114040
FINNIFTY02JAN2421050PE.NFO,02/01/2024,09:28:11,0.75,0.75,2005880,0.8,444640,1440,2114040
FINNIFTY02JAN2421050PE.NFO,02/01/2024,09:28:12,0.75,0.75,2013600,0.8,440080,4840,2114040
FINNIFTY02JAN2421050PE.NFO,02/01/2024,09:28:13,0.75,0.75,2041400,0.8,411880,1040,2114040
FINNIFTY02JAN2421050PE.NFO,02/01/2024,09:28:14,0.75,0.75,2028240,0.8,421320,5840,2114040
FINNIFTY02JAN2421050PE.NFO,02/01/2024,09:28:15,0.8,0.75,2003080,0.8,433240,960,2114040
FINNIFTY02JAN2421050PE.NFO,02/01/2024,09:28:16,0.75,0.75,2040760,0.8,408920,120,2114040
FINNIFTY02JAN2421050PE.NFO,02/01/2024,09:28:17,0.75,0.75,1998640,0.8,438800,1000,2114040
FINNIFTY02JAN2421050PE.NFO,02/01/2024,09:28:18,0.75,0.75,1998640,0.8,437320,1560,2114040
FINNIFTY02JAN2421050PE.NFO,02/01/2024,09:28:19,0.75,0.75,2035400,0.8,386760,3120,2114040
FINNIFTY02JAN2421050PE.NFO,02/01/2024,09:28:20,0.75,0.75,2002640,0.8,434880,1320,2114040
FINNIFTY02JAN2421050PE.NFO,02/01/2024,09:28:21,0.75,0.75,1996840,0.8,431000,4440,2114040
FINNIFTY02JAN2421050PE.NFO,02/01/2024,09:28:22,0.8,0.75,1989520,0.8,429880,1240,2114040
FINNIFTY02JAN2421050PE.NFO,02/01/2024,09:28:23,0.8,0.75,2002000,0.8,421560,720,2114040
FINNIFTY02JAN2421050PE.NFO,02/01/2024,09:28:24,0.8,0.75,2017160,0.8,397800,4000,2114040
FINNIFTY02JAN2421050PE.NFO,02/01/2024,09:28:25,0.8,0.75,2006440,0.8,400360,11000,2114040
FINNIFTY02JAN2421050PE.NFO,02/01/2024,09:28:26,0.75,0.75,1960000,0.8,439520,480,2114040
FINNIFTY02JAN2421050PE.NFO,02/01/2024,09:28:27,0.75,0.75,1958760,0.8,442160,1880,2114040
FINNIFTY02JAN2421050PE.NFO,02/01/2024,09:28:28,0.8,0.75,1958440,0.8,443880,600,2114040
FINNIFTY02JAN2421050PE.NFO,02/01/2024,09:28:29,0.8,0.75,1958360,0.8,438520,200,2114040
FINNIFTY02JAN2421050PE.NFO,02/01/2024,09:28:30,0.8,0.75,1959040,0.8,433120,1280,2114040
FINNIFTY02JAN2421050PE.NFO,02/01/2024,09:28:31,0.8,0.75,1957800,0.8,432960,1040,2114040
FINNIFTY02JAN2421050PE.NFO,02/01/2024,09:28:32,0.8,0.75,1958360,0.8,434680,1280,2114040
FINNIFTY02JAN2421050PE.NFO,02/01/2024,09:28:33,0.75,0.75,1957320,0.8,437400,1240,2114040
FINNIFTY02JAN2421050PE.NFO,02/01/2024,09:28:34,0.75,0.75,1950040,0.8,437200,3640,2114040
FINNIFTY02JAN2421050PE.NFO,02/01/2024,09:28:35,0.8,0.75,1952760,0.8,430320,2040,2114040
FINNIFTY02JAN2421050PE.NFO,02/01/2024,09:28:36,0.75,0.75,1907320,0.8,436480,1320,2114040
FINNIFTY02JAN2421050PE.NFO,02/01/2024,09:28:37,0.8,0.75,1905960,0.8,428720,240,2114040
FINNIFTY02JAN2421050PE.NFO,02/01/2024,09:28:37,0.8,0.75,1909560,0.8,428160,720,2114040
FINNIFTY02JAN2421050PE.NFO,02/01/2024,09:28:39,0.8,0.75,1909360,0.8,426080,1320,2114040
FINNIFTY02JAN2421050PE.NFO,02/01/2024,09:28:40,0.8,0.75,304320,0.8,391880,7360,2114040
FINNIFTY02JAN2421050PE.NFO,02/01/2024,09:28:41,0.75,0.75,98520,0.8,445440,19760,2114040
FINNIFTY02JAN2421050PE.NFO,02/01/2024,09:28:42,0.7,0.7,424520,0.75,213680,55240,2114040
FINNIFTY02JAN2421050PE.NFO,02/01/2024,09:28:43,0.75,0.7,440600,0.75,195120,880,2114040
FINNIFTY02JAN2421050PE.NFO,02/01/2024,09:28:44,0.75,0.7,440560,0.75,224920,240,2114040
FINNIFTY02JAN2421050PE.NFO,02/01/2024,09:28:45,0.75,0.7,440480,0.75,249080,160,2114040
FINNIFTY02JAN2421050PE.NFO,02/01/2024,09:28:46,0.75,0.7,1210200,0.75,219120,5080,2114040
FINNIFTY02JAN2421050PE.NFO,02/01/2024,09:28:47,0.7,0.7,1210200,0.75,222400,1920,2114040
FINNIFTY02JAN2421050PE.NFO,02/01/2024,09:28:48,0.7,0.7,1209880,0.75,319480,120,2114040
FINNIFTY02JAN2421050PE.NFO,02/01/2024,09:28:49,0.75,0.7,1210520,0.75,320160,2320,2114040
FINNIFTY02JAN2421050PE.NFO,02/01/2024,09:28:50,0.7,0.7,1251320,0.75,283320,7080,2114040
FINNIFTY02JAN2421050PE.NFO,02/01/2024,09:28:51,0.7,0.7,414880,0.75,272200,3680,2114040
FINNIFTY02JAN2421050PE.NFO,02/01/2024,09:28:52,0.7,0.7,377040,0.75,311680,120,2114040
FINNIFTY02JAN2421050PE.NFO,02/01/2024,09:28:53,0.75,0.7,408680,0.75,313080,2280,2114040
FINNIFTY02JAN2421050PE.NFO,02/01/2024,09:28:54,0.75,0.7,408600,0.75,311960,1200,2114040
FINNIFTY02JAN2421050PE.NFO,02/01/2024,09:28:55,0.75,0.7,415760,0.75,310120,1920,2114040
FINNIFTY02JAN2421050PE.NFO,02/01/2024,09:28:56,0.75,0.7,419360,0.75,310120,0,2114040
FINNIFTY02JAN2421050PE.NFO,02/01/2024,09:28:57,0.75,0.7,413880,0.75,311800,240,2114040
FINNIFTY02JAN2421050PE.NFO,02/01/2024,09:28:58,0.75,0.7,421040,0.75,309280,3160,2114040
FINNIFTY02JAN2421050PE.NFO,02/01/2024,09:28:59,0.7,0.7,410160,0.75,308480,920,2114040
FINNIFTY02JAN2421050PE.NFO,02/01/2024,09:29:00,0.7,0.7,457640,0.75,307280,3440,2114040
FINNIFTY02JAN2421050PE.NFO,02/01/2024,09:29:01,0.75,0.7,471280,0.75,300040,17240,2114040
FINNIFTY02JAN2421050PE.NFO,02/01/2024,09:29:02,0.75,0.7,465640,0.75,305400,9880,2114040
FINNIFTY02JAN2421050PE.NFO,02/01/2024,09:29:03,0.75,0.7,471000,0.75,305520,7160,2114040
FINNIFTY02JAN2421050PE.NFO,02/01/2024,09:29:04,0.7,0.7,469520,0.75,313840,2360,2114040
FINNIFTY02JAN2421050PE.NFO,02/01/2024,09:29:05,0.7,0.7,451400,0.75,288600,200,2114040
FINNIFTY02JAN2421050PE.NFO,02/01/2024,09:29:06,0.7,0.7,409880,0.75,316000,2120,2114040
FINNIFTY02JAN2421050PE.NFO,02/01/2024,09:29:07,0.7,0.7,404000,0.75,317720,200,2114040
FINNIFTY02JAN2421050PE.NFO,02/01/2024,09:29:08,0.75,0.7,382720,0.75,317360,4480,2114040
FINNIFTY02JAN2421050PE.NFO,02/01/2024,09:29:09,0.75,0.7,426680,0.75,290600,280,2114040
FINNIFTY02JAN2421050PE.NFO,02/01/2024,09:29:10,0.7,0.7,419200,0.75,286600,6840,2114040
FINNIFTY02JAN2421050PE.NFO,02/01/2024,09:29:11,0.7,0.7,423600,0.75,290080,5320,2114040
FINNIFTY02JAN2421050PE.NFO,02/01/2024,09:29:12,0.7,0.7,409840,0.75,279240,2000,2114040
FINNIFTY02JAN2421050PE.NFO,02/01/2024,09:29:13,0.75,0.7,387400,0.75,318480,360,2114040
FINNIFTY02JAN2421050PE.NFO,02/01/2024,09:29:14,0.75,0.7,394080,0.75,312840,4440,2114040
FINNIFTY02JAN2421050PE.NFO,02/01/2024,09:29:15,0.75,0.7,379640,0.75,317800,200,2114040
FINNIFTY02JAN2421050PE.NFO,02/01/2024,09:29:16,0.7,0.7,368520,0.75,317920,3040,2114040
FINNIFTY02JAN2421050PE.NFO,02/01/2024,09:29:17,0.75,0.7,413840,0.75,317480,7240,2114040
FINNIFTY02JAN2421050PE.NFO,02/01/2024,09:29:18,0.7,0.7,372920,0.75,309880,35160,2114040
FINNIFTY02JAN2421050PE.NFO,02/01/2024,09:29:19,0.7,0.7,372960,0.75,310200,1960,2114040
FINNIFTY02JAN2421050PE.NFO,02/01/2024,09:29:20,0.7,0.7,367560,0.75,318040,1600,2114040
FINNIFTY02JAN2421050PE.NFO,02/01/2024,09:29:21,0.75,0.7,377760,0.75,353600,1240,2114040
FINNIFTY02JAN2421050PE.NFO,02/01/2024,09:29:22,0.7,0.7,398960,0.75,323640,560,2114040
FINNIFTY02JAN2421050PE.NFO,02/01/2024,09:29:23,0.7,0.7,406120,0.75,305240,80,2114040
FINNIFTY02JAN2421050PE.NFO,02/01/2024,09:29:24,0.7,0.7,377440,0.75,346760,2000,2114040
FINNIFTY02JAN2421050PE.NFO,02/01/2024,09:29:25,0.7,0.7,391800,0.75,331760,440,2114040
FINNIFTY02JAN2421050PE.NFO,02/01/2024,09:29:26,0.75,0.7,373760,0.75,345520,2760,2114040
FINNIFTY02JAN2421050PE.NFO,02/01/2024,09:29:27,0.7,0.7,367840,0.75,343240,160,2114040
FINNIFTY02JAN2421050PE.NFO,02/01/2024,09:29:28,0.7,0.7,379400,0.75,344200,0,2114040
FINNIFTY02JAN2421050PE.NFO,02/01/2024,09:29:29,0.75,0.7,389880,0.75,333200,5560,2308760
FINNIFTY02JAN2421050PE.NFO,02/01/2024,09:29:30,0.7,0.7,389880,0.75,334600,520,2308760
FINNIFTY02JAN2421050PE.NFO,02/01/2024,09:29:31,0.7,0.7,370000,0.75,345520,160,2308760
FINNIFTY02JAN2421050PE.NFO,02/01/2024,09:29:32,0.7,0.7,378000,0.75,343480,2040,2308760
FINNIFTY02JAN2421050PE.NFO,02/01/2024,09:29:33,0.75,0.7,403640,0.75,349640,2720,2308760
FINNIFTY02JAN2421050PE.NFO,02/01/2024,09:29:34,0.75,0.7,391960,0.75,365440,920,2308760
FINNIFTY02JAN2421050PE.NFO,02/01/2024,09:29:35,0.7,0.7,383160,0.75,382280,320,2308760
FINNIFTY02JAN2421050PE.NFO,02/01/2024,09:29:36,0.7,0.7,403720,0.75,353800,1280,2308760
FINNIFTY02JAN2421050PE.NFO,02/01/2024,09:29:37,0.7,0.7,397440,0.75,356520,7040,2308760
FINNIFTY02JAN2421050PE.NFO,02/01/2024,09:29:38,0.75,0.7,397840,0.75,355040,1800,2308760
FINNIFTY02JAN2421050PE.NFO,02/01/2024,09:29:39,0.7,0.7,397200,0.75,353680,720,2308760
FINNIFTY02JAN2421050PE.NFO,02/01/2024,09:29:40,0.75,0.7,397160,0.75,364040,2200,2308760
FINNIFTY02JAN2421050PE.NFO,02/01/2024,09:29:41,0.75,0.7,372000,0.75,380920,1440,2308760
FINNIFTY02JAN2421050PE.NFO,02/01/2024,09:29:42,0.75,0.7,368360,0.75,397240,1120,2308760
FINNIFTY02JAN2421050PE.NFO,02/01/2024,09:29:43,0.75,0.7,368440,0.75,397400,0,2308760
FINNIFTY02JAN2421050PE.NFO,02/01/2024,09:29:44,0.75,0.7,363000,0.75,396960,600,2308760
FINNIFTY02JAN2421050PE.NFO,02/01/2024,09:29:45,0.75,0.7,357640,0.75,397280,0,2308760
FINNIFTY02JAN2421050PE.NFO,02/01/2024,09:29:46,0.75,0.7,369920,0.75,397760,80,2308760
FINNIFTY02JAN2421050PE.NFO,02/01/2024,09:29:47,0.75,0.7,359080,0.75,398200,200,2308760
FINNIFTY02JAN2421050PE.NFO,02/01/2024,09:29:48,0.75,0.7,371720,0.75,398680,0,2308760
FINNIFTY02JAN2421050PE.NFO,02/01/2024,09:29:49,0.75,0.7,394200,0.75,368360,6920,2308760
FINNIFTY02JAN2421050PE.NFO,02/01/2024,09:29:50,0.7,0.7,391520,0.75,368440,2800,2308760
FINNIFTY02JAN2421050PE.NFO,02/01/2024,09:29:51,0.75,0.7,391480,0.75,368400,40,2308760
FINNIFTY02JAN2421050PE.NFO,02/01/2024,09:29:52,0.75,0.7,398640,0.75,360520,7640,2308760
FINNIFTY02JAN2421050PE.NFO,02/01/2024,09:29:53,0.7,0.7,380000,0.75,399800,640,2308760
FINNIFTY02JAN2421050PE.NFO,02/01/2024,09:29:54,0.75,0.7,419600,0.75,366920,7520,2308760
FINNIFTY02JAN2421050PE.NFO,02/01/2024,09:29:55,0.7,0.7,394000,0.75,386920,3440,2308760
FINNIFTY02JAN2421050PE.NFO,02/01/2024,09:29:56,0.7,0.7,382800,0.75,394760,1640,2308760
FINNIFTY02JAN2421050PE.NFO,02/01/2024,09:29:57,0.75,0.7,346280,0.75,408600,28000,2308760
FINNIFTY02JAN2421050PE.NFO,02/01/2024,09:29:58,0.75,0.7,345200,0.75,370520,2480,2308760
FINNIFTY02JAN2421050PE.NFO,02/01/2024,09:29:59,0.7,0.7,298720,0.75,406440,5480,2308760
FINNIFTY02JAN2421050PE.NFO,02/01/2024,09:30:00,0.7,0.7,211360,0.75,377200,32520,2308760
FINNIFTY02JAN2421050PE.NFO,02/01/2024,09:30:01,0.75,0.7,265760,0.75,320240,49080,2308760
FINNIFTY02JAN2421050PE.NFO,02/01/2024,09:30:02,0.7,0.7,250520,0.75,346520,12280,2308760
FINNIFTY02JAN2421050PE.NFO,02/01/2024,09:30:03,0.75,0.7,269120,0.75,317200,10960,2308760
FINNIFTY02JAN2421050PE.NFO,02/01/2024,09:30:04,0.75,0.7,226480,0.75,365640,280,2308760
FINNIFTY02JAN2421050PE.NFO,02/01/2024,09:30:05,0.75,0.7,191560,0.75,370120,21560,2308760
FINNIFTY02JAN2421050PE.NFO,02/01/2024,09:30:06,0.7,0.7,153960,0.75,375640,18480,2308760
FINNIFTY02JAN2421050PE.NFO,02/01/2024,09:30:07,0.75,0.7,186160,0.75,383520,40,2308760
FINNIFTY02JAN2421050PE.NFO,02/01/2024,09:30:08,0.75,0.7,230560,0.75,341280,40520,2308760
FINNIFTY02JAN2421050PE.NFO,02/01/2024,09:30:09,0.75,0.7,229960,0.75,341720,680,2308760
FINNIFTY02JAN2421050PE.NFO,02/01/2024,09:30:10,0.75,0.7,230480,0.75,331640,1880,2308760
FINNIFTY02JAN2421050PE.NFO,02/01/2024,09:30:11,0.75,0.7,217000,0.75,353000,1880,2308760
FINNIFTY02JAN2421050PE.NFO,02/01/2024,09:30:12,0.75,0.7,230720,0.75,341080,1920,2308760
FINNIFTY02JAN2421050PE.NFO,02/01/2024,09:30:13,0.75,0.7,230720,0.75,332200,120,2308760
FINNIFTY02JAN2421050PE.NFO,02/01/2024,09:30:14,0.75,0.7,251080,0.75,332160,1440,2308760
FINNIFTY02JAN2421050PE.NFO,02/01/2024,09:30:15,0.75,0.7,251120,0.75,333920,320,2308760
FINNIFTY02JAN2421050PE.NFO,02/01/2024,09:30:16,0.75,0.7,250880,0.75,333400,560,2308760
FINNIFTY02JAN2421050PE.NFO,02/01/2024,09:30:17,0.75,0.7,236480,0.75,340480,120,2308760
FINNIFTY02JAN2421050PE.NFO,02/01/2024,09:30:18,0.7,0.7,267720,0.75,331640,2000,2308760
FINNIFTY02JAN2421050PE.NFO,02/01/2024,09:30:19,0.75,0.7,267800,0.75,331160,320,2308760
FINNIFTY02JAN2421050PE.NFO,02/01/2024,09:30:20,0.75,0.7,268240,0.75,318920,1440,2308760
FINNIFTY02JAN2421050PE.NFO,02/01/2024,09:30:21,0.75,0.7,278200,0.75,342080,2200,2308760
FINNIFTY02JAN2421050PE.NFO,02/01/2024,09:30:22,0.75,0.7,234480,0.75,372600,360,2308760
FINNIFTY02JAN2421050PE.NFO,02/01/2024,09:30:23,0.75,0.7,269280,0.75,350520,240,2308760
FINNIFTY02JAN2421050PE.NFO,02/01/2024,09:30:24,0.75,0.7,269880,0.75,340720,800,2308760
FINNIFTY02JAN2421050PE.NFO,02/01/2024,09:30:25,0.75,0.7,269920,0.75,338680,240,2308760
FINNIFTY02JAN2421050PE.NFO,02/01/2024,09:30:26,0.75,0.7,269920,0.75,344000,240,2308760
FINNIFTY02JAN2421050PE.NFO,02/01/2024,09:30:27,0.7,0.7,267040,0.75,347640,1600,2308760
FINNIFTY02JAN2421050PE.NFO,02/01/2024,09:30:28,0.75,0.7,265960,0.75,349880,2120,2308760
FINNIFTY02JAN2421050PE.NFO,02/01/2024,09:30:29,0.75,0.7,266240,0.75,350640,2880,2308760
FINNIFTY02JAN2421050PE.NFO,02/01/2024,09:30:30,0.75,0.7,260800,0.75,355600,400,2308760
FINNIFTY02JAN2421050PE.NFO,02/01/2024,09:30:31,0.7,0.7,264720,0.75,349760,1880,2308760
FINNIFTY02JAN2421050PE.NFO,02/01/2024,09:30:32,0.75,0.7,239520,0.75,378520,120,2308760
FINNIFTY02JAN2421050PE.NFO,02/01/2024,09:30:33,0.75,0.7,234040,0.75,377440,200,2308760
FINNIFTY02JAN2421050PE.NFO,02/01/2024,09:30:34,0.7,0.7,264080,0.75,341400,13240,2308760
FINNIFTY02JAN2421050PE.NFO,02/01/2024,09:30:35,0.75,0.7,264080,0.75,352000,160,2308760
FINNIFTY02JAN2421050PE.NFO,02/01/2024,09:30:36,0.75,0.7,251440,0.75,366160,240,2308760
FINNIFTY02JAN2421050PE.NFO,02/01/2024,09:30:37,0.75,0.7,263680,0.75,336680,680,2308760
FINNIFTY02JAN2421050PE.NFO,02/01/2024,09:30:38,0.75,0.7,234880,0.75,372640,40,2308760
FINNIFTY02JAN2421050PE.NFO,02/01/2024,09:30:39,0.75,0.7,233720,0.75,371000,1320,2308760
FINNIFTY02JAN2421050PE.NFO,02/01/2024,09:30:40,0.75,0.7,222880,0.75,372760,200,2308760
FINNIFTY02JAN2421050PE.NFO,02/01/2024,09:30:41,0.75,0.7,263280,0.75,348720,1880,2308760
FINNIFTY02JAN2421050PE.NFO,02/01/2024,09:30:42,0.75,0.7,224120,0.75,376600,2240,2308760
FINNIFTY02JAN2421050PE.NFO,02/01/2024,09:30:43,0.75,0.7,243280,0.75,370720,320,2308760
FINNIFTY02JAN2421050PE.NFO,02/01/2024,09:30:44,0.75,0.7,236200,0.75,377760,0,2308760
FINNIFTY02JAN2421050PE.NFO,02/01/2024,09:30:45,0.75,0.7,236160,0.75,377520,240,2308760
FINNIFTY02JAN2421050PE.NFO,02/01/2024,09:30:46,0.75,0.7,236640,0.75,376520,1920,2308760
FINNIFTY02JAN2421050PE.NFO,02/01/2024,09:30:47,0.75,0.7,263320,0.75,348880,1360,2308760
FINNIFTY02JAN2421050PE.NFO,02/01/2024,09:30:48,0.75,0.7,265200,0.75,349000,40,2308760
FINNIFTY02JAN2421050PE.NFO,02/01/2024,09:30:49,0.7,0.7,224760,0.75,372720,1960,2308760
FINNIFTY02JAN2421050PE.NFO,02/01/2024,09:30:50,0.75,0.7,212120,0.75,383680,13440,2308760
FINNIFTY02JAN2421050PE.NFO,02/01/2024,09:30:51,0.75,0.7,223680,0.75,385400,4080,2308760
FINNIFTY02JAN2421050PE.NFO,02/01/2024,09:30:52,0.75,0.7,212880,0.75,384480,920,2308760
FINNIFTY02JAN2421050PE.NFO,02/01/2024,09:30:53,0.75,0.7,222960,0.75,383360,1720,2308760
FINNIFTY02JAN2421050PE.NFO,02/01/2024,09:30:54,0.75,0.7,240920,0.75,365240,880,2308760
FINNIFTY02JAN2421050PE.NFO,02/01/2024,09:30:55,0.75,0.7,240320,0.75,360280,6720,2308760
FINNIFTY02JAN2421050PE.NFO,02/01/2024,09:30:56,0.75,0.7,274560,0.75,346920,80,2308760
FINNIFTY02JAN2421050PE.NFO,02/01/2024,09:30:57,0.75,0.7,260160,0.75,353600,2640,2308760
FINNIFTY02JAN2421050PE.NFO,02/01/2024,09:30:59,0.75,0.7,260160,0.75,348280,5160,2308760
FINNIFTY02JAN2421050PE.NFO,02/01/2024,09:30:59,0.75,0.7,260160,0.75,348240,40,2308760
FINNIFTY02JAN2421050PE.NFO,02/01/2024,09:31:00,0.75,0.7,231360,0.75,366000,200,2308760
FINNIFTY02JAN2421050PE.NFO,02/01/2024,09:31:01,0.7,0.7,242880,0.75,363520,4360,2308760
FINNIFTY02JAN2421050PE.NFO,02/01/2024,09:31:02,0.7,0.7,241320,0.75,365200,4320,2308760
FINNIFTY02JAN2421050PE.NFO,02/01/2024,09:31:03,0.7,0.7,230400,0.75,363160,400,2308760
FINNIFTY02JAN2421050PE.NFO,02/01/2024,09:31:05,0.75,0.7,244120,0.75,362960,200,2308760
FINNIFTY02JAN2421050PE.NFO,02/01/2024,09:31:05,0.75,0.7,254960,0.75,362960,0,2308760
FINNIFTY02JAN2421050PE.NFO,02/01/2024,09:31:07,0.75,0.7,254800,0.75,339840,1560,2308760
FINNIFTY02JAN2421050PE.NFO,02/01/2024,09:31:07,0.75,0.7,254800,0.75,347040,0,2308760
FINNIFTY02JAN2421050PE.NFO,02/01/2024,09:31:08,0.75,0.7,283520,0.75,318120,120,2308760
FINNIFTY02JAN2421050PE.NFO,02/01/2024,09:31:09,0.75,0.7,281800,0.75,336240,40,2308760
FINNIFTY02JAN2421050PE.NFO,02/01/2024,09:31:10,0.75,0.7,283560,0.75,332200,1440,2308760
FINNIFTY02JAN2421050PE.NFO,02/01/2024,09:31:11,0.75,0.7,289320,0.75,336360,2520,2308760
FINNIFTY02JAN2421050PE.NFO,02/01/2024,09:31:12,0.75,0.7,274320,0.75,338200,160,2308760
FINNIFTY02JAN2421050PE.NFO,02/01/2024,09:31:14,0.75,0.7,254520,0.75,362360,2760,2308760
FINNIFTY02JAN2421050PE.NFO,02/01/2024,09:31:14,0.75,0.7,243680,0.75,362280,80,2308760
FINNIFTY02JAN2421050PE.NFO,02/01/2024,09:31:15,0.75,0.7,283040,0.75,324480,3160,2308760
FINNIFTY02JAN2421050PE.NFO,02/01/2024,09:31:16,0.7,0.7,281000,0.75,326560,1880,2308760
FINNIFTY02JAN2421050PE.NFO,02/01/2024,09:31:17,0.7,0.7,236080,0.75,335640,5640,2308760
FINNIFTY02JAN2421050PE.NFO,02/01/2024,09:31:18,0.7,0.7,284400,0.75,308800,3080,2308760
FINNIFTY02JAN2421050PE.NFO,02/01/2024,09:31:19,0.7,0.7,282400,0.75,319480,2120,2308760
FINNIFTY02JAN2421050PE.NFO,02/01/2024,09:31:20,0.75,0.7,284720,0.75,319040,3040,2308760
FINNIFTY02JAN2421050PE.NFO,02/01/2024,09:31:22,0.75,0.7,255480,0.75,349040,2800,2308760
FINNIFTY02JAN2421050PE.NFO,02/01/2024,09:31:23,0.75,0.7,286080,0.75,323880,1840,2308760
FINNIFTY02JAN2421050PE.NFO,02/01/2024,09:31:23,0.7,0.7,285520,0.75,309640,600,2308760
FINNIFTY02JAN2421050PE.NFO,02/01/2024,09:31:24,0.7,0.7,272920,0.75,322800,2120,2308760
FINNIFTY02JAN2421050PE.NFO,02/01/2024,09:31:25,0.7,0.7,251480,0.75,348080,1680,2308760
FINNIFTY02JAN2421050PE.NFO,02/01/2024,09:31:26,0.75,0.7,261080,0.75,313640,240,2308760
FINNIFTY02JAN2421050PE.NFO,02/01/2024,09:31:27,0.75,0.7,261040,0.75,309840,160,2308760
FINNIFTY02JAN2421050PE.NFO,02/01/2024,09:31:29,0.75,0.7,261000,0.75,312760,120,2308760
FINNIFTY02JAN2421050PE.NFO,02/01/2024,09:31:29,0.7,0.7,260480,0.75,312560,1800,2308760
FINNIFTY02JAN2421050PE.NFO,02/01/2024,09:31:30,0.75,0.7,260040,0.75,309760,1680,2308760
FINNIFTY02JAN2421050PE.NFO,02/01/2024,09:31:31,0.75,0.7,260080,0.75,311520,40,2308760
FINNIFTY02JAN2421050PE.NFO,02/01/2024,09:31:33,0.7,0.7,258680,0.75,310560,2120,2308760
FINNIFTY02JAN2421050PE.NFO,02/01/2024,09:31:33,0.7,0.7,258720,0.75,311120,0,2308760
FINNIFTY02JAN2421050PE.NFO,02/01/2024,09:31:34,0.75,0.7,234080,0.75,337080,80,2308760
FINNIFTY02JAN2421050PE.NFO,02/01/2024,09:31:35,0.75,0.7,231080,0.75,340760,280,2308760
FINNIFTY02JAN2421050PE.NFO,02/01/2024,09:31:36,0.75,0.7,227160,0.75,341360,40,2308760
FINNIFTY02JAN2421050PE.NFO,02/01/2024,09:31:37,0.75,0.7,230960,0.75,341120,80,2308760
FINNIFTY02JAN2421050PE.NFO,02/01/2024,09:31:38,0.75,0.7,273120,0.75,312240,80,2308760
FINNIFTY02JAN2421050PE.NFO,02/01/2024,09:31:39,0.7,0.7,272360,0.75,301600,800,2308760
FINNIFTY02JAN2421050PE.NFO,02/01/2024,09:31:41,0.75,0.7,271120,0.75,301200,14840,2308760
FINNIFTY02JAN2421050PE.NFO,02/01/2024,09:31:41,0.75,0.7,253200,0.75,312360,40,2308760
FINNIFTY02JAN2421050PE.NFO,02/01/2024,09:31:43,0.75,0.7,267160,0.75,295520,160,2308760
FINNIFTY02JAN2421050PE.NFO,02/01/2024,09:31:43,0.75,0.7,267200,0.75,287000,0,2308760
FINNIFTY02JAN2421050PE.NFO,02/01/2024,09:31:45,0.75,0.7,267000,0.75,292000,280,2308760
FINNIFTY02JAN2421050PE.NFO,02/01/2024,09:31:45,0.75,0.7,267000,0.75,287000,0,2308760
FINNIFTY02JAN2421050PE.NFO,02/01/2024,09:31:47,0.7,0.7,265520,0.75,298240,2120,2308760
FINNIFTY02JAN2421050PE.NFO,02/01/2024,09:31:47,0.7,0.7,265760,0.75,298240,0,2308760
FINNIFTY02JAN2421050PE.NFO,02/01/2024,09:31:48,0.75,0.7,266880,0.75,299120,80,2308760
FINNIFTY02JAN2421050PE.NFO,02/01/2024,09:31:49,0.75,0.7,265640,0.75,288440,1360,2308760
FINNIFTY02JAN2421050PE.NFO,02/01/2024,09:31:50,0.75,0.7,264560,0.75,300200,520,2308760
FINNIFTY02JAN2421050PE.NFO,02/01/2024,09:31:51,0.75,0.7,265200,0.75,299800,40,2308760
FINNIFTY02JAN2421050PE.NFO,02/01/2024,09:31:52,0.7,0.7,220400,0.75,335160,1200,2308760
FINNIFTY02JAN2421050PE.NFO,02/01/2024,09:31:53,0.75,0.7,253560,0.75,289480,520,2308760
FINNIFTY02JAN2421050PE.NFO,02/01/2024,09:31:54,0.75,0.7,258560,0.75,303400,1520,2308760
FINNIFTY02JAN2421050PE.NFO,02/01/2024,09:31:55,0.75,0.7,233360,0.75,328120,1200,2308760
FINNIFTY02JAN2421050PE.NFO,02/01/2024,09:31:56,0.7,0.7,224160,0.75,328080,2400,2308760
FINNIFTY02JAN2421050PE.NFO,02/01/2024,09:31:57,0.75,0.7,225160,0.75,326680,3120,2308760
FINNIFTY02JAN2421050PE.NFO,02/01/2024,09:31:58,0.75,0.7,236080,0.75,326080,3040,2308760
FINNIFTY02JAN2421050PE.NFO,02/01/2024,09:31:59,0.75,0.7,243120,0.75,320000,800,2308760
FINNIFTY02JAN2421050PE.NFO,02/01/2024,09:32:00,0.75,0.7,231280,0.75,325840,4800,2308760
FINNIFTY02JAN2421050PE.NFO,02/01/2024,09:32:01,0.75,0.7,240560,0.75,322680,7720,2308760
FINNIFTY02JAN2421050PE.NFO,02/01/2024,09:32:03,0.75,0.7,254080,0.75,307760,3920,2308760
FINNIFTY02JAN2421050PE.NFO,02/01/2024,09:32:03,0.75,0.7,230720,0.75,320000,1120,2308760
FINNIFTY02JAN2421050PE.NFO,02/01/2024,09:32:04,0.7,0.7,252960,0.75,306120,1240,2308760
FINNIFTY02JAN2421050PE.NFO,02/01/2024,09:32:05,0.75,0.7,269120,0.75,291520,200,2308760
FINNIFTY02JAN2421050PE.NFO,02/01/2024,09:32:06,0.7,0.7,242280,0.75,317320,3200,2308760
FINNIFTY02JAN2421050PE.NFO,02/01/2024,09:32:07,0.75,0.7,254880,0.75,304600,120,2308760
FINNIFTY02JAN2421050PE.NFO,02/01/2024,09:32:08,0.75,0.7,253120,0.75,278000,880,2308760
FINNIFTY02JAN2421050PE.NFO,02/01/2024,09:32:10,0.75,0.7,263560,0.75,289120,1000,2308760
FINNIFTY02JAN2421050PE.NFO,02/01/2024,09:32:10,0.75,0.7,270120,0.75,281880,40,2308760
FINNIFTY02JAN2421050PE.NFO,02/01/2024,09:32:11,0.75,0.7,260320,0.75,308280,3960,2308760
FINNIFTY02JAN2421050PE.NFO,02/01/2024,09:32:12,0.75,0.7,300920,0.75,307560,1840,2308760
FINNIFTY02JAN2421050PE.NFO,02/01/2024,09:32:13,0.75,0.7,318960,0.75,279000,8160,2308760
FINNIFTY02JAN2421050PE.NFO,02/01/2024,09:32:14,0.75,0.7,321800,0.75,282560,10320,2308760
FINNIFTY02JAN2421050PE.NFO,02/01/2024,09:32:16,0.75,0.7,309040,0.75,294120,1120,2308760
FINNIFTY02JAN2421050PE.NFO,02/01/2024,09:32:16,0.7,0.7,281720,0.75,299880,360,2308760
FINNIFTY02JAN2421050PE.NFO,02/01/2024,09:32:17,0.75,0.7,320240,0.75,269520,2840,2308760
FINNIFTY02JAN2421050PE.NFO,02/01/2024,09:32:18,0.75,0.7,320880,0.75,281880,2640,2308760
FINNIFTY02JAN2421050PE.NFO,02/01/2024,09:32:19,0.75,0.7,319480,0.75,277560,2360,2308760
FINNIFTY02JAN2421050PE.NFO,02/01/2024,09:32:20,0.75,0.7,289160,0.75,304160,4160,2308760
FINNIFTY02JAN2421050PE.NFO,02/01/2024,09:32:21,0.75,0.7,289080,0.75,303520,240,2308760
FINNIFTY02JAN2421050PE.NFO,02/01/2024,09:32:23,0.7,0.7,308240,0.75,263200,10800,2308760
FINNIFTY02JAN2421050PE.NFO,02/01/2024,09:32:23,0.7,0.7,301080,0.75,275200,7240,2308760
FINNIFTY02JAN2421050PE.NFO,02/01/2024,09:32:24,0.7,0.7,299480,0.75,266480,10320,2308760
FINNIFTY02JAN2421050PE.NFO,02/01/2024,09:32:26,0.75,0.7,301320,0.75,271240,640,2308760
FINNIFTY02JAN2421050PE.NFO,02/01/2024,09:32:26,0.75,0.7,301320,0.75,271200,40,2308760
FINNIFTY02JAN2421050PE.NFO,02/01/2024,09:32:27,0.75,0.7,267640,0.75,301880,80,2308760
FINNIFTY02JAN2421050PE.NFO,02/01/2024,09:32:28,0.75,0.7,260400,0.75,302600,160,2308760
FINNIFTY02JAN2421050PE.NFO,02/01/2024,09:32:29,0.75,0.7,274800,0.75,300120,80,2339480
FINNIFTY02JAN2421050PE.NFO,02/01/2024,09:32:30,0.75,0.7,269320,0.75,300640,1120,2339480
FINNIFTY02JAN2421050PE.NFO,02/01/2024,09:32:32,0.75,0.7,260400,0.75,296080,4720,2339480
FINNIFTY02JAN2421050PE.NFO,02/01/2024,09:32:33,0.75,0.7,271160,0.75,295880,80,2339480
FINNIFTY02JAN2421050PE.NFO,02/01/2024,09:32:33,0.75,0.7,271200,0.75,295720,0,2339480
FINNIFTY02JAN2421050PE.NFO,02/01/2024,09:32:34,0.75,0.7,269000,0.75,293520,2400,2339480
FINNIFTY02JAN2421050PE.NFO,02/01/2024,09:32:35,0.7,0.7,274400,0.75,280920,6400,2339480
FINNIFTY02JAN2421050PE.NFO,02/01/2024,09:32:36,0.7,0.7,294160,0.75,264280,840,2339480
FINNIFTY02JAN2421050PE.NFO,02/01/2024,09:32:37,0.7,0.7,289280,0.75,265720,3400,2339480
FINNIFTY02JAN2421050PE.NFO,02/01/2024,09:32:38,0.75,0.7,264120,0.75,292240,480,2339480
FINNIFTY02JAN2421050PE.NFO,02/01/2024,09:32:39,0.7,0.7,261440,0.75,292560,3200,2339480
FINNIFTY02JAN2421050PE.NFO,02/01/2024,09:32:40,0.75,0.7,250760,0.75,292040,520,2339480
FINNIFTY02JAN2421050PE.NFO,02/01/2024,09:32:41,0.75,0.7,269680,0.75,291360,680,2339480
FINNIFTY02JAN2421050PE.NFO,02/01/2024,09:32:42,0.75,0.7,268480,0.75,290640,1320,2339480
FINNIFTY02JAN2421050PE.NFO,02/01/2024,09:32:43,0.75,0.7,268480,0.75,290480,160,2339480
FINNIFTY02JAN2421050PE.NFO,02/01/2024,09:32:44,0.7,0.7,268360,0.75,313720,6960,2339480
FINNIFTY02JAN2421050PE.NFO,02/01/2024,09:32:45,0.75,0.7,259840,0.75,288240,15120,2339480
FINNIFTY02JAN2421050PE.NFO,02/01/2024,09:32:46,0.75,0.7,267080,0.75,282120,1320,2339480
FINNIFTY02JAN2421050PE.NFO,02/01/2024,09:32:47,0.75,0.7,248800,0.75,294560,360,2339480
FINNIFTY02JAN2421050PE.NFO,02/01/2024,09:32:48,0.75,0.7,267400,0.75,307000,1240,2339480
FINNIFTY02JAN2421050PE.NFO,02/01/2024,09:32:49,0.75,0.7,1045320,0.75,268760,3400,2339480
FINNIFTY02JAN2421050PE.NFO,02/01/2024,09:32:50,0.75,0.7,1055680,0.75,264520,8520,2339480
FINNIFTY02JAN2421050PE.NFO,02/01/2024,09:32:51,0.75,0.7,1815520,0.75,210880,46480,2339480
FINNIFTY02JAN2421050PE.NFO,02/01/2024,09:32:52,0.75,0.7,1815840,0.75,253880,80,2339480
FINNIFTY02JAN2421050PE.NFO,02/01/2024,09:32:53,0.75,0.7,2613160,0.75,190800,3520,2339480
FINNIFTY02JAN2421050PE.NFO,02/01/2024,09:32:54,0.75,0.7,2609040,0.75,103800,12800,2339480
FINNIFTY02JAN2421050PE.NFO,02/01/2024,09:32:55,0.75,0.7,3407560,0.75,228040,1680,2339480
FINNIFTY02JAN2421050PE.NFO,02/01/2024,09:32:56,0.75,0.7,3407360,0.75,225920,240,2339480
FINNIFTY02JAN2421050PE.NFO,02/01/2024,09:32:57,0.75,0.7,3407400,0.75,249160,520,2339480
FINNIFTY02JAN2421050PE.NFO,02/01/2024,09:32:58,0.75,0.7,3407320,0.75,256720,120,2339480
FINNIFTY02JAN2421050PE.NFO,02/01/2024,09:32:59,0.75,0.7,3443400,0.75,203440,1760,2339480
FINNIFTY02JAN2421050PE.NFO,02/01/2024,09:33:00,0.75,0.7,3194200,0.75,239200,440,2339480
FINNIFTY02JAN2421050PE.NFO,02/01/2024,09:33:01,0.75,0.7,1770280,0.75,256880,22280,2339480
FINNIFTY02JAN2421050PE.NFO,02/01/2024,09:33:02,0.75,0.7,181440,0.75,262720,2680,2339480
FINNIFTY02JAN2421050PE.NFO,02/01/2024,09:33:04,0.75,0.7,204120,0.75,292400,80,2339480
FINNIFTY02JAN2421050PE.NFO,02/01/2024,09:33:04,0.75,0.7,205920,0.75,296240,200,2339480
FINNIFTY02JAN2421050PE.NFO,02/01/2024,09:33:05,0.75,0.7,245480,0.75,281720,40,2339480
FINNIFTY02JAN2421050PE.NFO,02/01/2024,09:33:07,0.7,0.7,202520,0.75,296280,1600,2339480
FINNIFTY02JAN2421050PE.NFO,02/01/2024,09:33:08,0.75,0.7,204360,0.75,295760,560,2339480
FINNIFTY02JAN2421050PE.NFO,02/01/2024,09:33:09,0.75,0.7,202480,0.75,296280,360,2339480
FINNIFTY02JAN2421050PE.NFO,02/01/2024,09:33:09,0.75,0.7,213280,0.75,296120,0,2339480
FINNIFTY02JAN2421050PE.NFO,02/01/2024,09:33:10,0.7,0.7,212400,0.75,296680,720,2339480
FINNIFTY02JAN2421050PE.NFO,02/01/2024,09:33:11,0.7,0.7,212760,0.75,295000,920,2339480
FINNIFTY02JAN2421050PE.NFO,02/01/2024,09:33:13,0.75,0.7,212480,0.75,295120,320,2339480
FINNIFTY02JAN2421050PE.NFO,02/01/2024,09:33:14,0.75,0.7,210640,0.75,293600,3160,2339480
FINNIFTY02JAN2421050PE.NFO,02/01/2024,09:33:15,0.75,0.7,209400,0.75,293720,1360,2339480
FINNIFTY02JAN2421050PE.NFO,02/01/2024,09:33:15,0.75,0.7,209400,0.75,293600,120,2339480
FINNIFTY02JAN2421050PE.NFO,02/01/2024,09:33:16,0.75,0.7,209400,0.75,299200,2360,2339480
FINNIFTY02JAN2421050PE.NFO,02/01/2024,09:33:17,0.75,0.7,227320,0.75,298680,520,2339480
FINNIFTY02JAN2421050PE.NFO,02/01/2024,09:33:18,0.75,0.7,254920,0.75,263520,960,2339480
FINNIFTY02JAN2421050PE.NFO,02/01/2024,09:33:20,0.7,0.7,254320,0.75,263480,680,2339480
FINNIFTY02JAN2421050PE.NFO,02/01/2024,09:33:21,0.75,0.7,254280,0.75,257880,480,2339480
FINNIFTY02JAN2421050PE.NFO,02/01/2024,09:33:21,0.75,0.7,254320,0.75,257880,0,2339480
FINNIFTY02JAN2421050PE.NFO,02/01/2024,09:33:22,0.75,0.7,254720,0.75,262560,720,2339480
FINNIFTY02JAN2421050PE.NFO,02/01/2024,09:33:23,0.75,0.7,249320,0.75,267920,40,2339480
FINNIFTY02JAN2421050PE.NFO,02/01/2024,09:33:24,0.75,0.7,249240,0.75,269160,640,2339480
FINNIFTY02JAN2421050PE.NFO,02/01/2024,09:33:26,0.75,0.7,224480,0.75,292520,40,2339480
FINNIFTY02JAN2421050PE.NFO,02/01/2024,09:33:27,0.75,0.7,224800,0.75,294280,40,2339480
FINNIFTY02JAN2421050PE.NFO,02/01/2024,09:33:28,0.75,0.7,237400,0.75,281960,40,2339480
FINNIFTY02JAN2421050PE.NFO,02/01/2024,09:33:28,0.7,0.7,245440,0.75,235320,1800,2339480
FINNIFTY02JAN2421050PE.NFO,02/01/2024,09:33:29,0.75,0.7,218240,0.75,241800,560,2339480
FINNIFTY02JAN2421050PE.NFO,02/01/2024,09:33:31,0.75,0.7,249080,0.75,242480,1240,2339480
FINNIFTY02JAN2421050PE.NFO,02/01/2024,09:33:31,0.75,0.7,256200,0.75,242320,40,2339480
FINNIFTY02JAN2421050PE.NFO,02/01/2024,09:33:32,0.75,0.7,226560,0.75,244040,360,2339480
FINNIFTY02JAN2421050PE.NFO,02/01/2024,09:33:33,0.75,0.7,266640,0.75,242760,1440,2339480
FINNIFTY02JAN2421050PE.NFO,02/01/2024,09:33:35,0.7,0.7,266040,0.75,242640,640,2339480
FINNIFTY02JAN2421050PE.NFO,02/01/2024,09:33:36,0.75,0.7,303800,0.75,242600,40,2339480
FINNIFTY02JAN2421050PE.NFO,02/01/2024,09:33:36,0.75,0.7,305560,0.75,242600,0,2339480
FINNIFTY02JAN2421050PE.NFO,02/01/2024,09:33:37,0.75,0.7,319160,0.75,242520,80,2339480
FINNIFTY02JAN2421050PE.NFO,02/01/2024,09:33:38,0.7,0.7,318800,0.75,242520,400,2339480
FINNIFTY02JAN2421050PE.NFO,02/01/2024,09:33:40,0.75,0.7,297520,0.75,244240,1880,2339480
FINNIFTY02JAN2421050PE.NFO,02/01/2024,09:33:41,0.75,0.7,329920,0.75,244200,40,2339480
FINNIFTY02JAN2421050PE.NFO,02/01/2024,09:33:41,0.75,0.7,380320,0.75,244200,0,2339480
FINNIFTY02JAN2421050PE.NFO,02/01/2024,09:33:42,0.7,0.7,449400,0.75,243040,520,2339480
FINNIFTY02JAN2421050PE.NFO,02/01/2024,09:33:43,0.7,0.7,440680,0.75,243360,1960,2339480
FINNIFTY02JAN2421050PE.NFO,02/01/2024,09:33:45,0.7,0.7,1205960,0.75,182120,6120,2339480
FINNIFTY02JAN2421050PE.NFO,02/01/2024,09:33:46,0.7,0.7,1741640,0.75,215760,80,2339480
FINNIFTY02JAN2421050PE.NFO,02/01/2024,09:33:46,0.75,0.7,2004840,0.75,164360,12000,2339480
FINNIFTY02JAN2421050PE.NFO,02/01/2024,09:33:48,0.75,0.7,2795760,0.75,120680,9480,2339480
FINNIFTY02JAN2421050PE.NFO,02/01/2024,09:33:48,0.75,0.7,2795680,0.75,121080,0,2339480
FINNIFTY02JAN2421050PE.NFO,02/01/2024,09:33:49,0.75,0.7,2795680,0.75,202680,40,2339480
FINNIFTY02JAN2421050PE.NFO,02/01/2024,09:33:50,0.75,0.7,3604720,0.75,162320,10840,2339480
FINNIFTY02JAN2421050PE.NFO,02/01/2024,09:33:51,0.75,0.7,3593280,0.75,53200,31120,2339480
FINNIFTY02JAN2421050PE.NFO,02/01/2024,09:33:52,0.7,0.7,3621400,0.75,37440,10360,2339480
FINNIFTY02JAN2421050PE.NFO,02/01/2024,09:33:53,0.7,0.7,3580440,0.75,180280,4480,2339480
FINNIFTY02JAN2421050PE.NFO,02/01/2024,09:33:54,0.7,0.7,3523960,0.75,188160,2480,2339480
FINNIFTY02JAN2421050PE.NFO,02/01/2024,09:33:55,0.7,0.7,3483920,0.75,187800,1040,2339480
FINNIFTY02JAN2421050PE.NFO,02/01/2024,09:33:56,0.7,0.7,3478120,0.75,181800,400,2339480
FINNIFTY02JAN2421050PE.NFO,02/01/2024,09:33:57,0.75,0.7,3488920,0.75,171280,600,2339480
FINNIFTY02JAN2421050PE.NFO,02/01/2024,09:33:58,0.75,0.7,3515920,0.75,170240,1440,2339480
FINNIFTY02JAN2421050PE.NFO,02/01/2024,09:33:59,0.75,0.7,3515920,0.75,170680,360,2339480
FINNIFTY02JAN2421050PE.NFO,02/01/2024,09:34:00,0.75,0.7,3474120,0.75,174520,10520,2339480
FINNIFTY02JAN2421050PE.NFO,02/01/2024,09:34:02,0.75,0.7,3461200,0.75,187040,25680,2339480
FINNIFTY02JAN2421050PE.NFO,02/01/2024,09:34:03,0.75,0.7,3115440,0.75,179640,120,2339480
FINNIFTY02JAN2421050PE.NFO,02/01/2024,09:34:03,0.75,0.7,3077640,0.75,180600,0,2339480
