Ticker,Date,Time,LTP,BuyPrice,BuyQty,SellPrice,SellQty,LTQ,OpenInterest
FINNIFTY02JAN2421850CE.NFO,02/01/2024,09:15:01,1.2,0.65,360,0.75,1560,35080,1396720
FINNIFTY02JAN2421850CE.NFO,02/01/2024,09:15:01,1.2,0.65,360,0.75,1560,0,1396720
FINNIFTY02JAN2421850CE.NFO,02/01/2024,09:15:01,1.2,0.65,360,0.75,1560,0,1396720
FINNIFTY02JAN2421850CE.NFO,02/01/2024,09:15:01,0.55,0.65,360,0.75,1560,0,1396720
FINNIFTY02JAN2421850CE.NFO,02/01/2024,09:15:02,0.7,0.7,10320,0.75,4640,26920,1396720
FINNIFTY02JAN2421850CE.NFO,02/01/2024,09:15:04,0.85,0.75,1160,0.85,9600,35680,1396720
FINNIFTY02JAN2421850CE.NFO,02/01/2024,09:15:05,0.7,0.7,28960,0.75,29360,36240,1396720
FINNIFTY02JAN2421850CE.NFO,02/01/2024,09:15:07,0.7,0.7,20600,0.75,44640,44240,1396720
FINNIFTY02JAN2421850CE.NFO,02/01/2024,09:15:09,0.7,0.7,37800,0.75,63520,55000,1396720
FINNIFTY02JAN2421850CE.NFO,02/01/2024,09:15:10,0.65,0.65,56160,0.7,68360,27720,1396720
FINNIFTY02JAN2421850CE.NFO,02/01/2024,09:15:12,0.65,0.65,58440,0.7,64120,19600,1396720
FINNIFTY02JAN2421850CE.NFO,02/01/2024,09:15:14,0.65,0.65,77320,0.7,62760,22400,1396720
FINNIFTY02JAN2421850CE.NFO,02/01/2024,09:15:15,0.65,0.65,80240,0.7,66360,9560,1396720
FINNIFTY02JAN2421850CE.NFO,02/01/2024,09:15:17,0.65,0.65,119160,0.7,73720,4040,1396720
FINNIFTY02JAN2421850CE.NFO,02/01/2024,09:15:19,0.65,0.65,142120,0.7,73400,10480,1396720
FINNIFTY02JAN2421850CE.NFO,02/01/2024,09:15:20,0.7,0.65,152600,0.7,88600,22320,1396720
FINNIFTY02JAN2421850CE.NFO,02/01/2024,09:15:22,0.7,0.65,153560,0.7,110920,9640,1396720
FINNIFTY02JAN2421850CE.NFO,02/01/2024,09:15:23,0.65,0.65,159240,0.7,112600,4080,1396720
FINNIFTY02JAN2421850CE.NFO,02/01/2024,09:15:25,0.65,0.65,168160,0.7,103320,35520,1396720
FINNIFTY02JAN2421850CE.NFO,02/01/2024,09:15:27,0.65,0.65,172280,0.7,109920,7440,1396720
FINNIFTY02JAN2421850CE.NFO,02/01/2024,09:15:28,0.7,0.65,199400,0.7,131760,14960,1396720
FINNIFTY02JAN2421850CE.NFO,02/01/2024,09:15:30,0.65,0.65,188320,0.7,135880,39080,1396720
FINNIFTY02JAN2421850CE.NFO,02/01/2024,09:15:32,0.65,0.65,168040,0.7,140800,28200,1396720
FINNIFTY02JAN2421850CE.NFO,02/01/2024,09:15:33,0.65,0.65,155120,0.7,141040,10440,1396720
FINNIFTY02JAN2421850CE.NFO,02/01/2024,09:15:35,0.65,0.65,162400,0.7,139280,14720,1396720
FINNIFTY02JAN2421850CE.NFO,02/01/2024,09:15:36,0.65,0.65,410920,0.7,143640,17480,1396720
FINNIFTY02JAN2421850CE.NFO,02/01/2024,09:15:38,0.7,0.65,425640,0.7,145040,13280,1396720
FINNIFTY02JAN2421850CE.NFO,02/01/2024,09:15:40,0.7,0.65,460280,0.7,149040,16040,1396720
FINNIFTY02JAN2421850CE.NFO,02/01/2024,09:15:41,0.7,0.65,480160,0.7,132720,61000,1396720
FINNIFTY02JAN2421850CE.NFO,02/01/2024,09:15:43,0.7,0.65,483120,0.7,117280,38240,1396720
FINNIFTY02JAN2421850CE.NFO,02/01/2024,09:15:44,0.75,0.7,116200,0.75,131040,101360,1396720
FINNIFTY02JAN2421850CE.NFO,02/01/2024,09:15:46,0.75,0.75,11840,0.8,123240,155120,1396720
FINNIFTY02JAN2421850CE.NFO,02/01/2024,09:15:48,0.7,0.65,301440,0.7,141240,40960,1396720
FINNIFTY02JAN2421850CE.NFO,02/01/2024,09:15:49,0.65,0.65,272680,0.7,146240,9720,1396720
FINNIFTY02JAN2421850CE.NFO,02/01/2024,09:15:51,0.7,0.65,281160,0.7,146000,10800,1396720
FINNIFTY02JAN2421850CE.NFO,02/01/2024,09:15:53,0.7,0.65,302600,0.7,142360,10200,1396720
FINNIFTY02JAN2421850CE.NFO,02/01/2024,09:15:54,0.7,0.65,309640,0.7,129160,13800,1396720
FINNIFTY02JAN2421850CE.NFO,02/01/2024,09:15:56,0.7,0.65,323600,0.7,125520,19640,1396720
FINNIFTY02JAN2421850CE.NFO,02/01/2024,09:15:58,0.7,0.65,343240,0.7,168520,24000,1396720
FINNIFTY02JAN2421850CE.NFO,02/01/2024,09:15:59,0.65,0.65,313120,0.7,220160,13600,1396720
FINNIFTY02JAN2421850CE.NFO,02/01/2024,09:16:01,0.7,0.65,384400,0.7,239320,7800,1396720
FINNIFTY02JAN2421850CE.NFO,02/01/2024,09:16:02,0.7,0.65,421480,0.7,235480,10680,1396720
FINNIFTY02JAN2421850CE.NFO,02/01/2024,09:16:04,0.7,0.65,429760,0.7,251000,6080,1396720
FINNIFTY02JAN2421850CE.NFO,02/01/2024,09:16:06,0.65,0.65,430600,0.7,261600,6920,1396720
FINNIFTY02JAN2421850CE.NFO,02/01/2024,09:16:07,0.65,0.65,246600,0.7,288520,133280,1396720
FINNIFTY02JAN2421850CE.NFO,02/01/2024,09:16:09,0.7,0.65,319360,0.7,297000,14240,1396720
FINNIFTY02JAN2421850CE.NFO,02/01/2024,09:16:10,0.7,0.65,356680,0.7,297360,18960,1396720
FINNIFTY02JAN2421850CE.NFO,02/01/2024,09:16:12,0.65,0.65,352640,0.7,294640,7800,1396720
FINNIFTY02JAN2421850CE.NFO,02/01/2024,09:16:14,0.65,0.65,347320,0.7,278360,9120,1396720
FINNIFTY02JAN2421850CE.NFO,02/01/2024,09:16:15,0.65,0.65,314680,0.7,298160,35840,1396720
FINNIFTY02JAN2421850CE.NFO,02/01/2024,09:16:17,0.65,0.65,233160,0.7,303000,103080,1396720
FINNIFTY02JAN2421850CE.NFO,02/01/2024,09:16:18,0.7,0.65,229640,0.7,314920,6440,1396720
FINNIFTY02JAN2421850CE.NFO,02/01/2024,09:16:20,0.7,0.65,244120,0.7,304280,59520,1396720
FINNIFTY02JAN2421850CE.NFO,02/01/2024,09:16:22,0.65,0.6,429560,0.65,93360,143120,1396720
FINNIFTY02JAN2421850CE.NFO,02/01/2024,09:16:23,0.65,0.6,425360,0.65,148120,10520,1396720
FINNIFTY02JAN2421850CE.NFO,02/01/2024,09:16:25,0.65,0.6,413360,0.65,153640,480,1396720
FINNIFTY02JAN2421850CE.NFO,02/01/2024,09:16:27,0.6,0.6,411960,0.65,158600,2800,1396720
FINNIFTY02JAN2421850CE.NFO,02/01/2024,09:16:28,0.65,0.6,411000,0.65,162600,1160,1396720
FINNIFTY02JAN2421850CE.NFO,02/01/2024,09:16:30,0.65,0.6,411280,0.65,161760,4080,1396720
FINNIFTY02JAN2421850CE.NFO,02/01/2024,09:16:31,0.65,0.6,412000,0.65,150440,11120,1396720
FINNIFTY02JAN2421850CE.NFO,02/01/2024,09:16:33,0.65,0.6,390200,0.65,240240,78640,1396720
FINNIFTY02JAN2421850CE.NFO,02/01/2024,09:16:35,0.65,0.6,688080,0.65,237440,7960,1396720
FINNIFTY02JAN2421850CE.NFO,02/01/2024,09:16:36,0.65,0.6,683280,0.65,283040,11400,1396720
FINNIFTY02JAN2421850CE.NFO,02/01/2024,09:16:38,0.65,0.6,684040,0.65,272600,3760,1396720
FINNIFTY02JAN2421850CE.NFO,02/01/2024,09:16:39,0.6,0.6,682240,0.65,280480,4200,1396720
FINNIFTY02JAN2421850CE.NFO,02/01/2024,09:16:41,0.65,0.6,679160,0.65,452360,18280,1396720
FINNIFTY02JAN2421850CE.NFO,02/01/2024,09:16:43,0.6,0.6,678720,0.65,474880,6720,1396720
FINNIFTY02JAN2421850CE.NFO,02/01/2024,09:16:44,0.6,0.6,678520,0.65,357960,32680,1396720
FINNIFTY02JAN2421850CE.NFO,02/01/2024,09:16:46,0.65,0.6,679520,0.65,373320,3240,1396720
FINNIFTY02JAN2421850CE.NFO,02/01/2024,09:16:47,0.6,0.6,696120,0.65,359520,12120,1396720
FINNIFTY02JAN2421850CE.NFO,02/01/2024,09:16:49,0.65,0.6,751840,0.65,366840,3640,1396720
FINNIFTY02JAN2421850CE.NFO,02/01/2024,09:16:51,0.65,0.6,767960,0.65,376000,15040,1396720
FINNIFTY02JAN2421850CE.NFO,02/01/2024,09:16:52,0.65,0.6,783080,0.65,374720,7280,1396720
FINNIFTY02JAN2421850CE.NFO,02/01/2024,09:16:54,0.6,0.6,785880,0.65,378680,2800,1396720
FINNIFTY02JAN2421850CE.NFO,02/01/2024,09:16:55,0.65,0.6,784520,0.65,389360,10560,1396720
FINNIFTY02JAN2421850CE.NFO,02/01/2024,09:16:57,0.65,0.6,790400,0.65,384160,5360,1396720
FINNIFTY02JAN2421850CE.NFO,02/01/2024,09:16:59,0.65,0.6,789800,0.65,399280,4480,1396720
FINNIFTY02JAN2421850CE.NFO,02/01/2024,09:17:00,0.65,0.6,789600,0.65,402240,3760,1396720
FINNIFTY02JAN2421850CE.NFO,02/01/2024,09:17:02,0.65,0.6,788520,0.65,397600,4560,1396720
FINNIFTY02JAN2421850CE.NFO,02/01/2024,09:17:04,0.65,0.6,789120,0.65,387640,9520,1396720
FINNIFTY02JAN2421850CE.NFO,02/01/2024,09:17:05,0.65,0.6,788080,0.65,362200,6200,1396720
FINNIFTY02JAN2421850CE.NFO,02/01/2024,09:17:07,0.65,0.6,788040,0.65,395360,1120,1396720
FINNIFTY02JAN2421850CE.NFO,02/01/2024,09:17:08,0.65,0.6,786840,0.65,393720,3280,1396720
FINNIFTY02JAN2421850CE.NFO,02/01/2024,09:17:10,0.65,0.6,786880,0.65,365760,12800,1396720
FINNIFTY02JAN2421850CE.NFO,02/01/2024,09:17:12,0.65,0.6,786840,0.65,357480,6600,1396720
FINNIFTY02JAN2421850CE.NFO,02/01/2024,09:17:13,0.65,0.6,781680,0.65,387760,7280,1396720
FINNIFTY02JAN2421850CE.NFO,02/01/2024,09:17:15,0.65,0.6,781920,0.65,366920,2800,1396720
FINNIFTY02JAN2421850CE.NFO,02/01/2024,09:17:16,0.65,0.6,783520,0.65,361840,5120,1396720
FINNIFTY02JAN2421850CE.NFO,02/01/2024,09:17:18,0.65,0.6,779360,0.65,358360,6760,1396720
FINNIFTY02JAN2421850CE.NFO,02/01/2024,09:17:20,0.65,0.6,778600,0.65,353200,3120,1396720
FINNIFTY02JAN2421850CE.NFO,02/01/2024,09:17:21,0.65,0.6,778440,0.65,367840,520,1396720
FINNIFTY02JAN2421850CE.NFO,02/01/2024,09:17:23,0.65,0.6,770080,0.65,367800,11640,2003240
FINNIFTY02JAN2421850CE.NFO,02/01/2024,09:17:24,0.65,0.6,769120,0.65,367080,2800,2003240
FINNIFTY02JAN2421850CE.NFO,02/01/2024,09:17:26,0.65,0.6,748480,0.65,371960,22800,2003240
FINNIFTY02JAN2421850CE.NFO,02/01/2024,09:17:27,0.65,0.6,748840,0.65,385480,4960,2003240
FINNIFTY02JAN2421850CE.NFO,02/01/2024,09:17:29,0.65,0.6,749800,0.65,375600,14680,2003240
FINNIFTY02JAN2421850CE.NFO,02/01/2024,09:17:31,0.65,0.6,743880,0.65,383000,16520,2003240
FINNIFTY02JAN2421850CE.NFO,02/01/2024,09:17:32,0.65,0.6,743840,0.65,386440,2520,2003240
FINNIFTY02JAN2421850CE.NFO,02/01/2024,09:17:34,0.65,0.6,748160,0.65,331160,27800,2003240
FINNIFTY02JAN2421850CE.NFO,02/01/2024,09:17:35,0.65,0.6,746480,0.65,289320,37080,2003240
FINNIFTY02JAN2421850CE.NFO,02/01/2024,09:17:37,0.65,0.6,746400,0.65,297680,640,2003240
FINNIFTY02JAN2421850CE.NFO,02/01/2024,09:17:39,0.65,0.6,748200,0.65,307360,5760,2003240
FINNIFTY02JAN2421850CE.NFO,02/01/2024,09:17:40,0.65,0.6,748160,0.65,304600,880,2003240
FINNIFTY02JAN2421850CE.NFO,02/01/2024,09:17:42,0.65,0.6,746760,0.65,318480,2800,2003240
FINNIFTY02JAN2421850CE.NFO,02/01/2024,09:17:43,0.65,0.6,742920,0.65,315120,6440,2003240
FINNIFTY02JAN2421850CE.NFO,02/01/2024,09:17:45,0.65,0.6,741440,0.65,296320,12920,2003240
FINNIFTY02JAN2421850CE.NFO,02/01/2024,09:17:47,0.65,0.6,737600,0.65,245120,34280,2003240
FINNIFTY02JAN2421850CE.NFO,02/01/2024,09:17:48,0.7,0.65,865080,0.7,411720,240240,2003240
FINNIFTY02JAN2421850CE.NFO,02/01/2024,09:17:50,0.65,0.65,862240,0.7,411360,11560,2003240
FINNIFTY02JAN2421850CE.NFO,02/01/2024,09:17:51,0.65,0.65,855320,0.7,489840,7920,2003240
FINNIFTY02JAN2421850CE.NFO,02/01/2024,09:17:53,0.7,0.65,853440,0.7,484160,9280,2003240
FINNIFTY02JAN2421850CE.NFO,02/01/2024,09:17:55,0.7,0.65,855400,0.7,475280,8120,2003240
FINNIFTY02JAN2421850CE.NFO,02/01/2024,09:17:56,0.7,0.65,854800,0.7,481120,1240,2003240
FINNIFTY02JAN2421850CE.NFO,02/01/2024,09:17:58,0.7,0.65,851680,0.7,486560,5040,2003240
FINNIFTY02JAN2421850CE.NFO,02/01/2024,09:17:59,0.65,0.65,847440,0.7,500880,10880,2003240
FINNIFTY02JAN2421850CE.NFO,02/01/2024,09:18:01,0.7,0.65,846920,0.7,490680,10520,2003240
FINNIFTY02JAN2421850CE.NFO,02/01/2024,09:18:03,0.65,0.65,847400,0.7,492120,3720,2003240
FINNIFTY02JAN2421850CE.NFO,02/01/2024,09:18:04,0.65,0.65,846120,0.7,491040,6720,2003240
FINNIFTY02JAN2421850CE.NFO,02/01/2024,09:18:06,0.7,0.65,846400,0.7,495400,3640,2003240
FINNIFTY02JAN2421850CE.NFO,02/01/2024,09:18:07,0.65,0.65,846640,0.7,487360,14800,2003240
FINNIFTY02JAN2421850CE.NFO,02/01/2024,09:18:09,0.65,0.65,846880,0.7,485840,1640,2003240
FINNIFTY02JAN2421850CE.NFO,02/01/2024,09:18:11,0.7,0.65,838400,0.7,490120,16560,2003240
FINNIFTY02JAN2421850CE.NFO,02/01/2024,09:18:13,0.7,0.65,839840,0.7,488200,2240,2003240
FINNIFTY02JAN2421850CE.NFO,02/01/2024,09:18:14,0.7,0.65,845680,0.7,487320,5080,2003240
FINNIFTY02JAN2421850CE.NFO,02/01/2024,09:18:16,0.65,0.65,842160,0.7,487040,14080,2003240
FINNIFTY02JAN2421850CE.NFO,02/01/2024,09:18:17,0.7,0.65,840600,0.7,486080,10240,2003240
FINNIFTY02JAN2421850CE.NFO,02/01/2024,09:18:19,0.7,0.65,841400,0.7,485320,5080,2003240
FINNIFTY02JAN2421850CE.NFO,02/01/2024,09:18:21,0.65,0.65,835640,0.7,487960,17960,2003240
FINNIFTY02JAN2421850CE.NFO,02/01/2024,09:18:22,0.7,0.65,835640,0.7,484880,3880,2003240
FINNIFTY02JAN2421850CE.NFO,02/01/2024,09:18:24,0.7,0.65,835960,0.7,577960,6200,2003240
FINNIFTY02JAN2421850CE.NFO,02/01/2024,09:18:26,0.7,0.65,837240,0.7,574680,4760,2003240
FINNIFTY02JAN2421850CE.NFO,02/01/2024,09:18:27,0.65,0.65,842360,0.7,579640,3920,2003240
FINNIFTY02JAN2421850CE.NFO,02/01/2024,09:18:29,0.7,0.65,837280,0.7,576480,7680,2003240
FINNIFTY02JAN2421850CE.NFO,02/01/2024,09:18:30,0.7,0.65,827400,0.7,572640,16560,2003240
FINNIFTY02JAN2421850CE.NFO,02/01/2024,09:18:32,0.65,0.65,816800,0.7,566680,17440,2003240
FINNIFTY02JAN2421850CE.NFO,02/01/2024,09:18:34,0.7,0.65,813760,0.7,558680,9960,2003240
FINNIFTY02JAN2421850CE.NFO,02/01/2024,09:18:35,0.65,0.65,809480,0.7,559880,7040,2003240
FINNIFTY02JAN2421850CE.NFO,02/01/2024,09:18:37,0.7,0.65,805920,0.7,564480,7000,2003240
FINNIFTY02JAN2421850CE.NFO,02/01/2024,09:18:38,0.65,0.65,794320,0.7,564120,15840,2003240
FINNIFTY02JAN2421850CE.NFO,02/01/2024,09:18:40,0.7,0.65,784400,0.7,676560,10720,2003240
FINNIFTY02JAN2421850CE.NFO,02/01/2024,09:18:42,0.7,0.65,681960,0.7,687160,61000,2003240
FINNIFTY02JAN2421850CE.NFO,02/01/2024,09:18:43,0.7,0.65,736480,0.7,686280,920,2003240
FINNIFTY02JAN2421850CE.NFO,02/01/2024,09:18:45,0.65,0.65,732760,0.7,683880,7280,2003240
FINNIFTY02JAN2421850CE.NFO,02/01/2024,09:18:46,0.7,0.65,731640,0.7,684400,2320,2003240
FINNIFTY02JAN2421850CE.NFO,02/01/2024,09:18:48,0.65,0.65,731600,0.7,679440,7600,2003240
FINNIFTY02JAN2421850CE.NFO,02/01/2024,09:18:50,0.7,0.65,724880,0.7,684080,8040,2003240
FINNIFTY02JAN2421850CE.NFO,02/01/2024,09:18:51,0.7,0.65,721320,0.7,682440,6760,2003240
FINNIFTY02JAN2421850CE.NFO,02/01/2024,09:18:53,0.7,0.65,716320,0.7,679800,13440,2003240
FINNIFTY02JAN2421850CE.NFO,02/01/2024,09:18:54,0.65,0.65,714440,0.7,678600,3080,2003240
FINNIFTY02JAN2421850CE.NFO,02/01/2024,09:18:56,0.65,0.65,712240,0.7,674560,2440,2003240
FINNIFTY02JAN2421850CE.NFO,02/01/2024,09:18:58,0.7,0.65,710640,0.7,675320,3000,2003240
FINNIFTY02JAN2421850CE.NFO,02/01/2024,09:18:59,0.7,0.65,710320,0.7,673360,3080,2003240
FINNIFTY02JAN2421850CE.NFO,02/01/2024,09:19:01,0.7,0.65,710200,0.7,674880,800,2003240
FINNIFTY02JAN2421850CE.NFO,02/01/2024,09:19:03,0.7,0.65,700480,0.7,673320,10920,2003240
FINNIFTY02JAN2421850CE.NFO,02/01/2024,09:19:04,0.7,0.65,698840,0.7,668560,7120,2003240
FINNIFTY02JAN2421850CE.NFO,02/01/2024,09:19:06,0.65,0.65,695640,0.7,662200,6000,2003240
FINNIFTY02JAN2421850CE.NFO,02/01/2024,09:19:07,0.65,0.65,693000,0.7,651960,9280,2003240
FINNIFTY02JAN2421850CE.NFO,02/01/2024,09:19:09,0.65,0.6,635640,0.65,154440,59160,2003240
FINNIFTY02JAN2421850CE.NFO,02/01/2024,09:19:11,0.65,0.6,636720,0.65,138080,7960,2003240
FINNIFTY02JAN2421850CE.NFO,02/01/2024,09:19:12,0.6,0.6,638680,0.65,128440,33240,2003240
FINNIFTY02JAN2421850CE.NFO,02/01/2024,09:19:14,0.65,0.6,639600,0.65,141120,3440,2003240
FINNIFTY02JAN2421850CE.NFO,02/01/2024,09:19:16,0.65,0.6,638600,0.65,139200,3400,2003240
FINNIFTY02JAN2421850CE.NFO,02/01/2024,09:19:17,0.6,0.6,637200,0.65,391880,4000,2003240
FINNIFTY02JAN2421850CE.NFO,02/01/2024,09:19:19,0.6,0.6,651480,0.65,390840,4760,2003240
FINNIFTY02JAN2421850CE.NFO,02/01/2024,09:19:20,0.65,0.6,648840,0.65,403240,4040,2003240
FINNIFTY02JAN2421850CE.NFO,02/01/2024,09:19:22,0.65,0.6,647000,0.65,403160,840,2003240
FINNIFTY02JAN2421850CE.NFO,02/01/2024,09:19:24,0.65,0.6,645960,0.65,403360,2400,2003240
FINNIFTY02JAN2421850CE.NFO,02/01/2024,09:19:25,0.65,0.6,658560,0.65,400960,600,2003240
FINNIFTY02JAN2421850CE.NFO,02/01/2024,09:19:27,0.6,0.6,655680,0.65,401520,3840,2003240
FINNIFTY02JAN2421850CE.NFO,02/01/2024,09:19:28,0.65,0.6,652000,0.65,402480,5040,2003240
FINNIFTY02JAN2421850CE.NFO,02/01/2024,09:19:30,0.65,0.6,648600,0.65,401040,10320,2003240
FINNIFTY02JAN2421850CE.NFO,02/01/2024,09:19:32,0.65,0.6,647280,0.65,417480,7120,2003240
FINNIFTY02JAN2421850CE.NFO,02/01/2024,09:19:34,0.65,0.6,642240,0.65,422560,8960,2003240
FINNIFTY02JAN2421850CE.NFO,02/01/2024,09:19:35,0.65,0.6,638760,0.65,424520,6040,2003240
FINNIFTY02JAN2421850CE.NFO,02/01/2024,09:19:37,0.65,0.6,638840,0.65,422200,4800,2003240
FINNIFTY02JAN2421850CE.NFO,02/01/2024,09:19:39,0.65,0.6,636640,0.65,420760,6080,2003240
FINNIFTY02JAN2421850CE.NFO,02/01/2024,09:19:40,0.65,0.6,669800,0.65,423760,4040,2003240
FINNIFTY02JAN2421850CE.NFO,02/01/2024,09:19:42,0.65,0.6,666000,0.65,424600,5440,2003240
FINNIFTY02JAN2421850CE.NFO,02/01/2024,09:19:44,0.65,0.6,675960,0.65,422040,2080,2003240
FINNIFTY02JAN2421850CE.NFO,02/01/2024,09:19:45,0.6,0.6,685000,0.65,417840,10840,2003240
FINNIFTY02JAN2421850CE.NFO,02/01/2024,09:19:47,0.6,0.6,697520,0.65,429120,8680,2003240
FINNIFTY02JAN2421850CE.NFO,02/01/2024,09:19:49,0.6,0.6,725360,0.65,430360,5080,2003240
FINNIFTY02JAN2421850CE.NFO,02/01/2024,09:19:50,0.6,0.6,734760,0.65,424160,7040,2003240
FINNIFTY02JAN2421850CE.NFO,02/01/2024,09:19:52,0.6,0.6,735320,0.65,438640,7840,2003240
FINNIFTY02JAN2421850CE.NFO,02/01/2024,09:19:54,0.6,0.6,734720,0.65,442440,7720,2003240
FINNIFTY02JAN2421850CE.NFO,02/01/2024,09:19:55,0.6,0.6,729840,0.65,446040,3080,2003240
FINNIFTY02JAN2421850CE.NFO,02/01/2024,09:19:57,0.6,0.6,724440,0.65,447640,2760,2003240
FINNIFTY02JAN2421850CE.NFO,02/01/2024,09:19:59,0.6,0.6,724600,0.65,533480,7520,2003240
FINNIFTY02JAN2421850CE.NFO,02/01/2024,09:20:00,0.6,0.6,738680,0.65,547440,22560,2003240
FINNIFTY02JAN2421850CE.NFO,02/01/2024,09:20:02,0.6,0.6,744960,0.65,543360,8160,2003240
FINNIFTY02JAN2421850CE.NFO,02/01/2024,09:20:04,0.65,0.6,740760,0.65,551880,10600,2003240
FINNIFTY02JAN2421850CE.NFO,02/01/2024,09:20:05,0.6,0.6,720120,0.65,549520,7840,2003240
FINNIFTY02JAN2421850CE.NFO,02/01/2024,09:20:07,0.65,0.6,731760,0.65,562560,4760,2003240
FINNIFTY02JAN2421850CE.NFO,02/01/2024,09:20:09,0.65,0.6,731720,0.65,698600,3800,2003240
FINNIFTY02JAN2421850CE.NFO,02/01/2024,09:20:10,0.6,0.6,729040,0.65,701360,7400,2003240
FINNIFTY02JAN2421850CE.NFO,02/01/2024,09:20:12,0.6,0.6,681800,0.65,705600,10480,2003240
FINNIFTY02JAN2421850CE.NFO,02/01/2024,09:20:14,0.6,0.6,683040,0.65,702200,5280,2003240
FINNIFTY02JAN2421850CE.NFO,02/01/2024,09:20:15,0.6,0.6,681160,0.65,702240,80,2003240
FINNIFTY02JAN2421850CE.NFO,02/01/2024,09:20:17,0.65,0.6,695200,0.65,700440,4200,2003240
FINNIFTY02JAN2421850CE.NFO,02/01/2024,09:20:19,0.6,0.6,694360,0.65,699400,1800,2003240
FINNIFTY02JAN2421850CE.NFO,02/01/2024,09:20:20,0.6,0.6,677320,0.65,699560,2400,2003240
FINNIFTY02JAN2421850CE.NFO,02/01/2024,09:20:22,0.65,0.6,689520,0.65,698920,1760,2297080
FINNIFTY02JAN2421850CE.NFO,02/01/2024,09:20:24,0.65,0.6,691280,0.65,697480,1480,2297080
FINNIFTY02JAN2421850CE.NFO,02/01/2024,09:20:25,0.65,0.6,690160,0.65,697600,2400,2297080
FINNIFTY02JAN2421850CE.NFO,02/01/2024,09:20:27,0.6,0.6,687400,0.65,695200,960,2297080
FINNIFTY02JAN2421850CE.NFO,02/01/2024,09:20:29,0.6,0.6,685600,0.65,697200,1800,2297080
FINNIFTY02JAN2421850CE.NFO,02/01/2024,09:20:30,0.6,0.6,686000,0.65,694920,1880,2297080
FINNIFTY02JAN2421850CE.NFO,02/01/2024,09:20:31,0.6,0.6,668760,0.65,694920,800,2297080
FINNIFTY02JAN2421850CE.NFO,02/01/2024,09:20:33,0.6,0.6,683160,0.65,692960,0,2297080
FINNIFTY02JAN2421850CE.NFO,02/01/2024,09:20:35,0.6,0.6,684920,0.65,692520,880,2297080
FINNIFTY02JAN2421850CE.NFO,02/01/2024,09:20:36,0.6,0.6,683040,0.65,693200,1320,2297080
FINNIFTY02JAN2421850CE.NFO,02/01/2024,09:20:38,0.6,0.6,684600,0.65,696360,680,2297080
FINNIFTY02JAN2421850CE.NFO,02/01/2024,09:20:40,0.65,0.6,682760,0.65,693760,2640,2297080
FINNIFTY02JAN2421850CE.NFO,02/01/2024,09:20:41,0.65,0.6,681960,0.65,691960,2600,2297080
FINNIFTY02JAN2421850CE.NFO,02/01/2024,09:20:43,0.6,0.6,674280,0.65,676960,22280,2297080
FINNIFTY02JAN2421850CE.NFO,02/01/2024,09:20:44,0.65,0.6,672160,0.65,674600,5920,2297080
FINNIFTY02JAN2421850CE.NFO,02/01/2024,09:20:46,0.6,0.6,657240,0.65,670600,3520,2297080
FINNIFTY02JAN2421850CE.NFO,02/01/2024,09:20:48,0.65,0.6,658200,0.65,668840,2680,2297080
FINNIFTY02JAN2421850CE.NFO,02/01/2024,09:20:49,0.6,0.6,654240,0.65,667080,2160,2297080
FINNIFTY02JAN2421850CE.NFO,02/01/2024,09:20:51,0.65,0.6,652560,0.65,658240,4200,2297080
FINNIFTY02JAN2421850CE.NFO,02/01/2024,09:20:53,0.65,0.6,566320,0.65,666440,3120,2297080
FINNIFTY02JAN2421850CE.NFO,02/01/2024,09:20:54,0.65,0.6,528520,0.65,625280,53600,2297080
FINNIFTY02JAN2421850CE.NFO,02/01/2024,09:20:56,0.6,0.6,524720,0.65,626960,5400,2297080
FINNIFTY02JAN2421850CE.NFO,02/01/2024,09:20:58,0.65,0.6,1307120,0.65,606800,18600,2297080
FINNIFTY02JAN2421850CE.NFO,02/01/2024,09:20:59,0.65,0.6,1296240,0.65,593240,26840,2297080
FINNIFTY02JAN2421850CE.NFO,02/01/2024,09:21:01,0.65,0.6,1294200,0.65,582680,18720,2297080
FINNIFTY02JAN2421850CE.NFO,02/01/2024,09:21:03,0.65,0.6,1294040,0.65,554640,28240,2297080
FINNIFTY02JAN2421850CE.NFO,02/01/2024,09:21:04,0.6,0.6,1292280,0.65,540240,16120,2297080
FINNIFTY02JAN2421850CE.NFO,02/01/2024,09:21:06,0.6,0.6,1291560,0.65,540320,1320,2297080
FINNIFTY02JAN2421850CE.NFO,02/01/2024,09:21:08,0.6,0.6,1281360,0.65,548200,10040,2297080
FINNIFTY02JAN2421850CE.NFO,02/01/2024,09:21:09,0.6,0.6,1270520,0.65,548560,11680,2297080
FINNIFTY02JAN2421850CE.NFO,02/01/2024,09:21:11,0.65,0.6,1272840,0.65,543360,3440,2297080
FINNIFTY02JAN2421850CE.NFO,02/01/2024,09:21:13,0.65,0.6,1269520,0.65,523240,22760,2297080
FINNIFTY02JAN2421850CE.NFO,02/01/2024,09:21:14,0.6,0.6,1267280,0.65,527400,13080,2297080
FINNIFTY02JAN2421850CE.NFO,02/01/2024,09:21:16,0.6,0.6,1247920,0.65,519400,14160,2297080
FINNIFTY02JAN2421850CE.NFO,02/01/2024,09:21:18,0.65,0.6,1264000,0.65,517800,480,2297080
FINNIFTY02JAN2421850CE.NFO,02/01/2024,09:21:19,0.65,0.6,1262360,0.65,499800,19040,2297080
FINNIFTY02JAN2421850CE.NFO,02/01/2024,09:21:21,0.65,0.6,1261040,0.65,489000,12720,2297080
FINNIFTY02JAN2421850CE.NFO,02/01/2024,09:21:23,0.65,0.6,1257480,0.65,479240,11720,2297080
FINNIFTY02JAN2421850CE.NFO,02/01/2024,09:21:24,0.65,0.6,1255480,0.65,465320,19520,2297080
FINNIFTY02JAN2421850CE.NFO,02/01/2024,09:21:26,0.65,0.6,1255600,0.65,439120,26640,2297080
FINNIFTY02JAN2421850CE.NFO,02/01/2024,09:21:28,0.65,0.6,1257320,0.65,425400,16280,2297080
FINNIFTY02JAN2421850CE.NFO,02/01/2024,09:21:29,0.65,0.6,1250720,0.65,416040,18960,2297080
FINNIFTY02JAN2421850CE.NFO,02/01/2024,09:21:31,0.65,0.6,1251440,0.65,401240,7080,2297080
FINNIFTY02JAN2421850CE.NFO,02/01/2024,09:21:32,0.6,0.6,1249160,0.65,506040,1160,2297080
FINNIFTY02JAN2421850CE.NFO,02/01/2024,09:21:34,0.6,0.6,1244880,0.65,507080,5880,2297080
FINNIFTY02JAN2421850CE.NFO,02/01/2024,09:21:36,0.6,0.6,1244800,0.65,505960,1240,2297080
FINNIFTY02JAN2421850CE.NFO,02/01/2024,09:21:37,0.65,0.6,1244280,0.65,502720,6400,2297080
FINNIFTY02JAN2421850CE.NFO,02/01/2024,09:21:39,0.6,0.6,1233400,0.65,504200,10240,2297080
FINNIFTY02JAN2421850CE.NFO,02/01/2024,09:21:41,0.65,0.6,1230720,0.65,498640,4720,2297080
FINNIFTY02JAN2421850CE.NFO,02/01/2024,09:21:42,0.6,0.6,1228680,0.65,493200,5880,2297080
FINNIFTY02JAN2421850CE.NFO,02/01/2024,09:21:44,0.6,0.6,1228640,0.65,493200,80,2297080
FINNIFTY02JAN2421850CE.NFO,02/01/2024,09:21:45,0.65,0.6,1227600,0.65,500920,1520,2297080
FINNIFTY02JAN2421850CE.NFO,02/01/2024,09:21:47,0.6,0.6,1225520,0.65,501240,3720,2297080
FINNIFTY02JAN2421850CE.NFO,02/01/2024,09:21:49,0.65,0.6,1225560,0.65,500480,640,2297080
FINNIFTY02JAN2421850CE.NFO,02/01/2024,09:21:50,0.6,0.6,1224840,0.65,502040,120,2297080
FINNIFTY02JAN2421850CE.NFO,02/01/2024,09:21:52,0.6,0.6,1224640,0.65,501280,1600,2297080
FINNIFTY02JAN2421850CE.NFO,02/01/2024,09:21:54,0.6,0.6,1226160,0.65,498440,2360,2297080
FINNIFTY02JAN2421850CE.NFO,02/01/2024,09:21:55,0.6,0.6,1225200,0.65,498360,200,2297080
FINNIFTY02JAN2421850CE.NFO,02/01/2024,09:21:57,0.6,0.6,1230120,0.65,506240,40,2297080
FINNIFTY02JAN2421850CE.NFO,02/01/2024,09:21:59,0.6,0.6,1232800,0.65,506720,80,2297080
FINNIFTY02JAN2421850CE.NFO,02/01/2024,09:22:00,0.65,0.6,1232320,0.65,401360,1280,2297080
FINNIFTY02JAN2421850CE.NFO,02/01/2024,09:22:02,0.65,0.6,1232320,0.65,401320,120,2297080
FINNIFTY02JAN2421850CE.NFO,02/01/2024,09:22:04,0.65,0.6,1231280,0.65,530360,30400,2297080
FINNIFTY02JAN2421850CE.NFO,02/01/2024,09:22:05,0.65,0.6,1231240,0.65,530400,120,2297080
FINNIFTY02JAN2421850CE.NFO,02/01/2024,09:22:07,0.65,0.6,1229320,0.65,528480,2080,2297080
FINNIFTY02JAN2421850CE.NFO,02/01/2024,09:22:09,0.65,0.6,1229320,0.65,528360,120,2297080
FINNIFTY02JAN2421850CE.NFO,02/01/2024,09:22:10,0.65,0.6,1228640,0.65,530040,160,2297080
FINNIFTY02JAN2421850CE.NFO,02/01/2024,09:22:12,0.65,0.6,1228120,0.65,525320,4800,2297080
FINNIFTY02JAN2421850CE.NFO,02/01/2024,09:22:14,0.65,0.6,1228120,0.65,527000,120,2297080
FINNIFTY02JAN2421850CE.NFO,02/01/2024,09:22:15,0.65,0.6,1224560,0.65,526000,2800,2297080
FINNIFTY02JAN2421850CE.NFO,02/01/2024,09:22:17,0.65,0.6,1206840,0.65,527240,2520,2297080
FINNIFTY02JAN2421850CE.NFO,02/01/2024,09:22:19,0.65,0.6,1206840,0.65,525320,120,2297080
FINNIFTY02JAN2421850CE.NFO,02/01/2024,09:22:20,0.65,0.6,1208600,0.65,523480,1920,2297080
FINNIFTY02JAN2421850CE.NFO,02/01/2024,09:22:22,0.65,0.6,1206840,0.65,501640,15040,2297080
FINNIFTY02JAN2421850CE.NFO,02/01/2024,09:22:24,0.65,0.6,1205080,0.65,501160,3240,2297080
FINNIFTY02JAN2421850CE.NFO,02/01/2024,09:22:25,0.65,0.6,1204520,0.65,494160,7320,2297080
FINNIFTY02JAN2421850CE.NFO,02/01/2024,09:22:27,0.6,0.6,1204040,0.65,488440,6600,2297080
FINNIFTY02JAN2421850CE.NFO,02/01/2024,09:22:29,0.65,0.6,1203920,0.65,482920,5680,2297080
FINNIFTY02JAN2421850CE.NFO,02/01/2024,09:22:31,0.6,0.6,1203280,0.65,478640,3320,2297080
FINNIFTY02JAN2421850CE.NFO,02/01/2024,09:22:33,0.65,0.6,1204120,0.65,478360,640,2297080
FINNIFTY02JAN2421850CE.NFO,02/01/2024,09:22:34,0.65,0.6,1204120,0.65,478200,160,2297080
FINNIFTY02JAN2421850CE.NFO,02/01/2024,09:22:36,0.65,0.6,1202320,0.65,475880,1840,2297080
FINNIFTY02JAN2421850CE.NFO,02/01/2024,09:22:38,0.65,0.6,1204920,0.65,473560,2280,2297080
FINNIFTY02JAN2421850CE.NFO,02/01/2024,09:22:39,0.65,0.6,1203080,0.65,473320,80,2297080
FINNIFTY02JAN2421850CE.NFO,02/01/2024,09:22:41,0.65,0.6,1204880,0.65,462040,14480,2297080
FINNIFTY02JAN2421850CE.NFO,02/01/2024,09:22:42,0.65,0.6,1205520,0.65,457680,4000,2297080
FINNIFTY02JAN2421850CE.NFO,02/01/2024,09:22:44,0.65,0.6,1209480,0.65,457160,4720,2297080
FINNIFTY02JAN2421850CE.NFO,02/01/2024,09:22:46,0.6,0.6,1235960,0.65,457080,2040,2297080
FINNIFTY02JAN2421850CE.NFO,02/01/2024,09:22:47,0.6,0.6,1235320,0.65,452040,7800,2297080
FINNIFTY02JAN2421850CE.NFO,02/01/2024,09:22:49,0.65,0.6,1230640,0.65,462040,3720,2297080
FINNIFTY02JAN2421850CE.NFO,02/01/2024,09:22:51,0.6,0.6,1227040,0.65,462360,3720,2297080
FINNIFTY02JAN2421850CE.NFO,02/01/2024,09:22:52,0.6,0.6,1226120,0.65,460200,2360,2297080
FINNIFTY02JAN2421850CE.NFO,02/01/2024,09:22:54,0.6,0.6,1223240,0.65,460280,3600,2297080
FINNIFTY02JAN2421850CE.NFO,02/01/2024,09:22:55,0.6,0.6,1220560,0.65,460600,2600,2297080
FINNIFTY02JAN2421850CE.NFO,02/01/2024,09:22:57,0.65,0.6,1216440,0.65,460120,4040,2297080
FINNIFTY02JAN2421850CE.NFO,02/01/2024,09:22:59,0.6,0.6,1211400,0.65,460000,5120,2297080
FINNIFTY02JAN2421850CE.NFO,02/01/2024,09:23:00,0.65,0.6,1170080,0.65,460000,3640,2297080
FINNIFTY02JAN2421850CE.NFO,02/01/2024,09:23:02,0.6,0.6,1165760,0.65,459840,4360,2297080
FINNIFTY02JAN2421850CE.NFO,02/01/2024,09:23:04,0.6,0.6,1163080,0.65,448960,14200,2297080
FINNIFTY02JAN2421850CE.NFO,02/01/2024,09:23:05,0.6,0.6,1157840,0.65,447800,4680,2297080
FINNIFTY02JAN2421850CE.NFO,02/01/2024,09:23:07,0.6,0.6,1148480,0.65,447760,11360,2297080
FINNIFTY02JAN2421850CE.NFO,02/01/2024,09:23:08,0.6,0.6,1145560,0.65,447720,2920,2297080
FINNIFTY02JAN2421850CE.NFO,02/01/2024,09:23:10,0.6,0.6,1136520,0.65,620440,4600,2297080
FINNIFTY02JAN2421850CE.NFO,02/01/2024,09:23:12,0.6,0.6,1090920,0.65,609440,82000,2297080
FINNIFTY02JAN2421850CE.NFO,02/01/2024,09:23:13,0.6,0.6,1082680,0.65,609080,8640,2297080
FINNIFTY02JAN2421850CE.NFO,02/01/2024,09:23:15,0.6,0.6,1088080,0.65,609040,5240,2297080
FINNIFTY02JAN2421850CE.NFO,02/01/2024,09:23:16,0.6,0.6,1082720,0.65,610280,3560,2297080
FINNIFTY02JAN2421850CE.NFO,02/01/2024,09:23:18,0.6,0.6,1079480,0.65,629320,5240,2297080
FINNIFTY02JAN2421850CE.NFO,02/01/2024,09:23:20,0.6,0.6,1066560,0.65,634480,5800,2297080
FINNIFTY02JAN2421850CE.NFO,02/01/2024,09:23:21,0.6,0.6,1061920,0.65,636200,3320,2297080
FINNIFTY02JAN2421850CE.NFO,02/01/2024,09:23:23,0.6,0.6,1059000,0.65,634400,2840,2346640
FINNIFTY02JAN2421850CE.NFO,02/01/2024,09:23:24,0.6,0.6,1057960,0.65,635400,2800,2346640
FINNIFTY02JAN2421850CE.NFO,02/01/2024,09:23:26,0.65,0.6,1062720,0.65,641240,8440,2346640
FINNIFTY02JAN2421850CE.NFO,02/01/2024,09:23:28,0.6,0.6,1059120,0.65,745440,6120,2346640
FINNIFTY02JAN2421850CE.NFO,02/01/2024,09:23:29,0.6,0.6,1054800,0.65,747160,3320,2346640
FINNIFTY02JAN2421850CE.NFO,02/01/2024,09:23:30,0.6,0.6,1043960,0.65,750560,2920,2346640
FINNIFTY02JAN2421850CE.NFO,02/01/2024,09:23:32,0.6,0.6,1042760,0.65,745440,9200,2346640
FINNIFTY02JAN2421850CE.NFO,02/01/2024,09:23:34,0.6,0.6,1048760,0.65,738400,10480,2346640
FINNIFTY02JAN2421850CE.NFO,02/01/2024,09:23:35,0.6,0.6,1036240,0.65,738560,4560,2346640
FINNIFTY02JAN2421850CE.NFO,02/01/2024,09:23:37,0.6,0.6,1042000,0.65,741560,2960,2346640
FINNIFTY02JAN2421850CE.NFO,02/01/2024,09:23:39,0.6,0.6,1041080,0.65,740960,720,2346640
FINNIFTY02JAN2421850CE.NFO,02/01/2024,09:23:40,0.6,0.6,1041600,0.65,733960,40,2346640
FINNIFTY02JAN2421850CE.NFO,02/01/2024,09:23:42,0.6,0.6,1039720,0.65,731760,4080,2346640
FINNIFTY02JAN2421850CE.NFO,02/01/2024,09:23:44,0.6,0.6,1039680,0.65,728960,1040,2346640
FINNIFTY02JAN2421850CE.NFO,02/01/2024,09:23:45,0.65,0.6,1040200,0.65,729080,1280,2346640
FINNIFTY02JAN2421850CE.NFO,02/01/2024,09:23:47,0.6,0.6,1037920,0.65,729640,600,2346640
FINNIFTY02JAN2421850CE.NFO,02/01/2024,09:23:49,0.6,0.6,1036760,0.65,729640,120,2346640
FINNIFTY02JAN2421850CE.NFO,02/01/2024,09:23:50,0.65,0.6,1036360,0.65,727960,2920,2346640
FINNIFTY02JAN2421850CE.NFO,02/01/2024,09:23:52,0.6,0.6,1036120,0.65,727200,400,2346640
FINNIFTY02JAN2421850CE.NFO,02/01/2024,09:23:54,0.65,0.6,1036040,0.65,723800,3480,2346640
FINNIFTY02JAN2421850CE.NFO,02/01/2024,09:23:55,0.6,0.6,1036000,0.65,716600,7240,2346640
FINNIFTY02JAN2421850CE.NFO,02/01/2024,09:23:57,0.65,0.6,1036480,0.65,708200,8520,2346640
FINNIFTY02JAN2421850CE.NFO,02/01/2024,09:23:59,0.65,0.6,1036040,0.65,707680,960,2346640
FINNIFTY02JAN2421850CE.NFO,02/01/2024,09:24:00,0.6,0.6,1031760,0.65,707800,3680,2346640
FINNIFTY02JAN2421850CE.NFO,02/01/2024,09:24:02,0.6,0.6,1021320,0.65,693920,800,2346640
FINNIFTY02JAN2421850CE.NFO,02/01/2024,09:24:04,0.6,0.6,1018600,0.65,692720,4520,2346640
FINNIFTY02JAN2421850CE.NFO,02/01/2024,09:24:05,0.6,0.6,1015400,0.65,685360,9400,2346640
FINNIFTY02JAN2421850CE.NFO,02/01/2024,09:24:07,0.6,0.6,1013520,0.65,684520,1920,2346640
FINNIFTY02JAN2421850CE.NFO,02/01/2024,09:24:09,0.65,0.6,1007280,0.65,684720,3040,2346640
FINNIFTY02JAN2421850CE.NFO,02/01/2024,09:24:10,0.6,0.6,1005640,0.65,679160,160,2346640
FINNIFTY02JAN2421850CE.NFO,02/01/2024,09:24:12,0.65,0.6,1005280,0.65,678280,1200,2346640
FINNIFTY02JAN2421850CE.NFO,02/01/2024,09:24:13,0.6,0.6,1005200,0.65,678240,80,2346640
FINNIFTY02JAN2421850CE.NFO,02/01/2024,09:24:15,0.6,0.6,1005160,0.65,678280,80,2346640
FINNIFTY02JAN2421850CE.NFO,02/01/2024,09:24:17,0.6,0.6,1005760,0.65,678640,1880,2346640
FINNIFTY02JAN2421850CE.NFO,02/01/2024,09:24:18,0.6,0.6,1003840,0.65,682040,120,2346640
FINNIFTY02JAN2421850CE.NFO,02/01/2024,09:24:20,0.6,0.6,1003200,0.65,679520,760,2346640
FINNIFTY02JAN2421850CE.NFO,02/01/2024,09:24:22,0.6,0.6,1000200,0.65,679520,4840,2346640
FINNIFTY02JAN2421850CE.NFO,02/01/2024,09:24:23,0.6,0.6,998760,0.65,680080,3240,2346640
FINNIFTY02JAN2421850CE.NFO,02/01/2024,09:24:25,0.6,0.6,996480,0.65,675520,5080,2346640
FINNIFTY02JAN2421850CE.NFO,02/01/2024,09:24:26,0.6,0.6,996400,0.65,675520,80,2346640
FINNIFTY02JAN2421850CE.NFO,02/01/2024,09:24:28,0.6,0.6,994240,0.65,675520,320,2346640
FINNIFTY02JAN2421850CE.NFO,02/01/2024,09:24:30,0.6,0.6,993800,0.65,675880,1880,2346640
FINNIFTY02JAN2421850CE.NFO,02/01/2024,09:24:32,0.65,0.6,993160,0.65,675680,880,2346640
FINNIFTY02JAN2421850CE.NFO,02/01/2024,09:24:34,0.6,0.6,991920,0.65,673880,1240,2346640
FINNIFTY02JAN2421850CE.NFO,02/01/2024,09:24:35,0.6,0.6,991720,0.65,669000,9000,2346640
FINNIFTY02JAN2421850CE.NFO,02/01/2024,09:24:37,0.65,0.6,989760,0.65,638560,34240,2346640
FINNIFTY02JAN2421850CE.NFO,02/01/2024,09:24:38,0.65,0.6,994320,0.65,638480,1840,2346640
FINNIFTY02JAN2421850CE.NFO,02/01/2024,09:24:40,0.6,0.6,996960,0.65,634680,6800,2346640
FINNIFTY02JAN2421850CE.NFO,02/01/2024,09:24:42,0.65,0.6,997120,0.65,609360,19280,2346640
FINNIFTY02JAN2421850CE.NFO,02/01/2024,09:24:43,0.6,0.6,996200,0.65,623560,320,2346640
FINNIFTY02JAN2421850CE.NFO,02/01/2024,09:24:45,0.6,0.6,995560,0.65,620760,4240,2346640
FINNIFTY02JAN2421850CE.NFO,02/01/2024,09:24:47,0.6,0.6,995120,0.65,726960,440,2346640
FINNIFTY02JAN2421850CE.NFO,02/01/2024,09:24:48,0.6,0.6,996840,0.65,728160,80,2346640
FINNIFTY02JAN2421850CE.NFO,02/01/2024,09:24:50,0.6,0.6,977120,0.65,758000,4240,2346640
FINNIFTY02JAN2421850CE.NFO,02/01/2024,09:24:52,0.6,0.6,984760,0.65,758120,80,2346640
FINNIFTY02JAN2421850CE.NFO,02/01/2024,09:24:53,0.6,0.6,991240,0.65,758120,40,2346640
FINNIFTY02JAN2421850CE.NFO,02/01/2024,09:24:55,0.6,0.6,986760,0.65,760240,4880,2346640
FINNIFTY02JAN2421850CE.NFO,02/01/2024,09:24:56,0.6,0.6,974440,0.65,757280,7120,2346640
FINNIFTY02JAN2421850CE.NFO,02/01/2024,09:24:58,0.6,0.6,969960,0.65,761200,19160,2346640
FINNIFTY02JAN2421850CE.NFO,02/01/2024,09:25:00,0.6,0.6,971120,0.65,762920,1440,2346640
FINNIFTY02JAN2421850CE.NFO,02/01/2024,09:25:01,0.6,0.6,82280,0.65,750720,60000,2346640
FINNIFTY02JAN2421850CE.NFO,02/01/2024,09:25:03,0.55,0.55,738720,0.6,384760,78440,2346640
FINNIFTY02JAN2421850CE.NFO,02/01/2024,09:25:05,0.55,0.55,736360,0.6,399480,4840,2346640
FINNIFTY02JAN2421850CE.NFO,02/01/2024,09:25:06,0.55,0.55,744360,0.6,395320,3320,2346640
FINNIFTY02JAN2421850CE.NFO,02/01/2024,09:25:08,0.55,0.55,757360,0.6,462480,200,2346640
FINNIFTY02JAN2421850CE.NFO,02/01/2024,09:25:10,0.55,0.55,766880,0.6,460480,10320,2346640
FINNIFTY02JAN2421850CE.NFO,02/01/2024,09:25:12,0.55,0.55,766560,0.6,460480,200,2346640
FINNIFTY02JAN2421850CE.NFO,02/01/2024,09:25:13,0.55,0.55,780520,0.6,468360,1920,2346640
FINNIFTY02JAN2421850CE.NFO,02/01/2024,09:25:15,0.55,0.55,782080,0.6,467480,1680,2346640
FINNIFTY02JAN2421850CE.NFO,02/01/2024,09:25:17,0.55,0.55,781520,0.6,468040,560,2346640
FINNIFTY02JAN2421850CE.NFO,02/01/2024,09:25:18,0.6,0.55,782720,0.6,475200,720,2346640
FINNIFTY02JAN2421850CE.NFO,02/01/2024,09:25:20,0.55,0.55,782920,0.6,475200,40,2346640
FINNIFTY02JAN2421850CE.NFO,02/01/2024,09:25:22,0.6,0.55,784680,0.6,475080,160,2346640
FINNIFTY02JAN2421850CE.NFO,02/01/2024,09:25:23,0.6,0.55,784680,0.6,474920,160,2346640
FINNIFTY02JAN2421850CE.NFO,02/01/2024,09:25:25,0.55,0.55,784240,0.6,478920,800,2346640
FINNIFTY02JAN2421850CE.NFO,02/01/2024,09:25:27,0.6,0.55,783920,0.6,476720,720,2346640
FINNIFTY02JAN2421850CE.NFO,02/01/2024,09:25:28,0.6,0.55,783880,0.6,477280,160,2346640
FINNIFTY02JAN2421850CE.NFO,02/01/2024,09:25:31,0.6,0.55,783880,0.6,465560,14240,2346640
FINNIFTY02JAN2421850CE.NFO,02/01/2024,09:25:33,0.55,0.55,781000,0.6,475240,6720,2346640
FINNIFTY02JAN2421850CE.NFO,02/01/2024,09:25:34,0.55,0.55,776360,0.6,474360,8720,2346640
FINNIFTY02JAN2421850CE.NFO,02/01/2024,09:25:36,0.55,0.55,776600,0.6,483480,1280,2346640
FINNIFTY02JAN2421850CE.NFO,02/01/2024,09:25:38,0.6,0.55,774200,0.6,483560,2560,2346640
FINNIFTY02JAN2421850CE.NFO,02/01/2024,09:25:39,0.6,0.55,774240,0.6,491600,960,2346640
FINNIFTY02JAN2421850CE.NFO,02/01/2024,09:25:41,0.6,0.55,767880,0.6,498640,6720,2346640
FINNIFTY02JAN2421850CE.NFO,02/01/2024,09:25:43,0.55,0.55,765960,0.6,499480,2320,2346640
FINNIFTY02JAN2421850CE.NFO,02/01/2024,09:25:44,0.6,0.55,765040,0.6,504400,5360,2346640
FINNIFTY02JAN2421850CE.NFO,02/01/2024,09:25:46,0.6,0.55,761520,0.6,503400,5560,2346640
FINNIFTY02JAN2421850CE.NFO,02/01/2024,09:25:48,0.55,0.55,761600,0.6,501480,2160,2346640
FINNIFTY02JAN2421850CE.NFO,02/01/2024,09:25:49,0.6,0.55,758000,0.6,502120,4200,2346640
FINNIFTY02JAN2421850CE.NFO,02/01/2024,09:25:51,0.6,0.55,759760,0.6,502680,1160,2346640
FINNIFTY02JAN2421850CE.NFO,02/01/2024,09:25:53,0.6,0.55,757960,0.6,498120,6840,2346640
FINNIFTY02JAN2421850CE.NFO,02/01/2024,09:25:54,0.6,0.55,757960,0.6,503760,3240,2346640
FINNIFTY02JAN2421850CE.NFO,02/01/2024,09:25:56,0.6,0.55,733160,0.6,502640,5120,2346640
FINNIFTY02JAN2421850CE.NFO,02/01/2024,09:25:58,0.6,0.55,733160,0.6,509480,6720,2346640
FINNIFTY02JAN2421850CE.NFO,02/01/2024,09:25:59,0.55,0.55,731400,0.6,511360,1800,2346640
FINNIFTY02JAN2421850CE.NFO,02/01/2024,09:26:01,0.6,0.55,724840,0.6,510880,12240,2346640
FINNIFTY02JAN2421850CE.NFO,02/01/2024,09:26:03,0.55,0.55,720920,0.6,512280,4320,2346640
FINNIFTY02JAN2421850CE.NFO,02/01/2024,09:26:04,0.55,0.55,722960,0.6,512280,0,2346640
FINNIFTY02JAN2421850CE.NFO,02/01/2024,09:26:06,0.6,0.55,720920,0.6,510480,1800,2346640
FINNIFTY02JAN2421850CE.NFO,02/01/2024,09:26:08,0.55,0.55,711720,0.6,510480,1880,2346640
FINNIFTY02JAN2421850CE.NFO,02/01/2024,09:26:09,0.55,0.55,703760,0.6,512160,3600,2346640
FINNIFTY02JAN2421850CE.NFO,02/01/2024,09:26:11,0.6,0.55,701440,0.6,510200,2400,2346640
FINNIFTY02JAN2421850CE.NFO,02/01/2024,09:26:13,0.55,0.55,701400,0.6,513800,40,2346640
FINNIFTY02JAN2421850CE.NFO,02/01/2024,09:26:14,0.6,0.55,752920,0.6,515440,40,2346640
FINNIFTY02JAN2421850CE.NFO,02/01/2024,09:26:16,0.55,0.55,739640,0.6,445680,55960,2346640
FINNIFTY02JAN2421850CE.NFO,02/01/2024,09:26:17,0.55,0.55,729880,0.6,448480,33680,2346640
FINNIFTY02JAN2421850CE.NFO,02/01/2024,09:26:19,0.6,0.55,724680,0.6,455120,8320,2346640
FINNIFTY02JAN2421850CE.NFO,02/01/2024,09:26:21,0.6,0.55,725920,0.6,455680,920,2346640
FINNIFTY02JAN2421850CE.NFO,02/01/2024,09:26:22,0.55,0.55,725400,0.6,446840,1680,2346640
FINNIFTY02JAN2421850CE.NFO,02/01/2024,09:26:24,0.6,0.55,723480,0.6,458320,2520,2423320
FINNIFTY02JAN2421850CE.NFO,02/01/2024,09:26:26,0.55,0.55,713280,0.6,477360,9600,2423320
FINNIFTY02JAN2421850CE.NFO,02/01/2024,09:26:27,0.55,0.55,709520,0.6,476480,3640,2423320
FINNIFTY02JAN2421850CE.NFO,02/01/2024,09:26:29,0.6,0.55,709760,0.6,479160,480,2423320
FINNIFTY02JAN2421850CE.NFO,02/01/2024,09:26:31,0.55,0.55,708680,0.6,479240,1000,2423320
FINNIFTY02JAN2421850CE.NFO,02/01/2024,09:26:33,0.6,0.55,708680,0.6,479080,160,2423320
FINNIFTY02JAN2421850CE.NFO,02/01/2024,09:26:34,0.6,0.55,708680,0.6,479000,80,2423320
FINNIFTY02JAN2421850CE.NFO,02/01/2024,09:26:36,0.55,0.55,766720,0.6,433720,27480,2423320
FINNIFTY02JAN2421850CE.NFO,02/01/2024,09:26:38,0.6,0.55,766600,0.6,432440,1080,2423320
FINNIFTY02JAN2421850CE.NFO,02/01/2024,09:26:39,0.55,0.55,766520,0.6,432440,40,2423320
FINNIFTY02JAN2421850CE.NFO,02/01/2024,09:26:41,0.55,0.55,764680,0.6,434320,2000,2423320
FINNIFTY02JAN2421850CE.NFO,02/01/2024,09:26:43,0.55,0.55,759560,0.6,433000,6440,2423320
FINNIFTY02JAN2421850CE.NFO,02/01/2024,09:26:44,0.55,0.55,758400,0.6,440880,640,2423320
FINNIFTY02JAN2421850CE.NFO,02/01/2024,09:26:46,0.6,0.55,758200,0.6,438200,2880,2423320
FINNIFTY02JAN2421850CE.NFO,02/01/2024,09:26:48,0.6,0.55,757440,0.6,441880,4520,2423320
FINNIFTY02JAN2421850CE.NFO,02/01/2024,09:26:49,0.55,0.55,756960,0.6,440400,1960,2423320
FINNIFTY02JAN2421850CE.NFO,02/01/2024,09:26:51,0.55,0.55,756360,0.6,440480,600,2423320
FINNIFTY02JAN2421850CE.NFO,02/01/2024,09:26:53,0.55,0.55,754240,0.6,442520,2120,2423320
FINNIFTY02JAN2421850CE.NFO,02/01/2024,09:26:54,0.55,0.55,751480,0.6,442520,2560,2423320
FINNIFTY02JAN2421850CE.NFO,02/01/2024,09:26:56,0.55,0.55,751240,0.6,448040,240,2423320
FINNIFTY02JAN2421850CE.NFO,02/01/2024,09:26:58,0.55,0.55,750560,0.6,447920,680,2423320
FINNIFTY02JAN2421850CE.NFO,02/01/2024,09:26:59,0.55,0.55,749600,0.6,455120,960,2423320
FINNIFTY02JAN2421850CE.NFO,02/01/2024,09:27:01,0.55,0.55,737360,0.6,464320,14000,2423320
FINNIFTY02JAN2421850CE.NFO,02/01/2024,09:27:03,0.55,0.55,731040,0.6,463280,7200,2423320
FINNIFTY02JAN2421850CE.NFO,02/01/2024,09:27:04,0.55,0.55,727000,0.6,467720,5280,2423320
FINNIFTY02JAN2421850CE.NFO,02/01/2024,09:27:06,0.6,0.55,721440,0.6,464320,11680,2423320
FINNIFTY02JAN2421850CE.NFO,02/01/2024,09:27:08,0.6,0.55,715120,0.6,456280,15880,2423320
FINNIFTY02JAN2421850CE.NFO,02/01/2024,09:27:09,0.6,0.55,714200,0.6,453560,5360,2423320
FINNIFTY02JAN2421850CE.NFO,02/01/2024,09:27:11,0.6,0.55,715960,0.6,452440,1120,2423320
FINNIFTY02JAN2421850CE.NFO,02/01/2024,09:27:13,0.55,0.55,714880,0.6,475920,1080,2423320
FINNIFTY02JAN2421850CE.NFO,02/01/2024,09:27:14,0.6,0.55,714840,0.6,474080,80,2423320
FINNIFTY02JAN2421850CE.NFO,02/01/2024,09:27:16,0.6,0.55,714360,0.6,473840,1480,2423320
FINNIFTY02JAN2421850CE.NFO,02/01/2024,09:27:18,0.55,0.55,715680,0.6,473680,120,2423320
FINNIFTY02JAN2421850CE.NFO,02/01/2024,09:27:19,0.6,0.55,717240,0.6,472200,3280,2423320
FINNIFTY02JAN2421850CE.NFO,02/01/2024,09:27:21,0.6,0.55,717240,0.6,469760,2440,2423320
FINNIFTY02JAN2421850CE.NFO,02/01/2024,09:27:23,0.55,0.55,717440,0.6,468760,1280,2423320
FINNIFTY02JAN2421850CE.NFO,02/01/2024,09:27:24,0.6,0.55,721400,0.6,471040,120,2423320
FINNIFTY02JAN2421850CE.NFO,02/01/2024,09:27:26,0.6,0.55,782400,0.6,433600,29600,2423320
FINNIFTY02JAN2421850CE.NFO,02/01/2024,09:27:28,0.55,0.55,793280,0.6,428240,22920,2423320
FINNIFTY02JAN2421850CE.NFO,02/01/2024,09:27:29,0.55,0.55,802160,0.6,417120,9520,2423320
FINNIFTY02JAN2421850CE.NFO,02/01/2024,09:27:31,0.6,0.55,801520,0.6,420440,720,2423320
FINNIFTY02JAN2421850CE.NFO,02/01/2024,09:27:33,0.6,0.55,801520,0.6,420440,0,2423320
FINNIFTY02JAN2421850CE.NFO,02/01/2024,09:27:35,0.55,0.55,801200,0.6,418520,2240,2423320
FINNIFTY02JAN2421850CE.NFO,02/01/2024,09:27:36,0.55,0.55,795760,0.6,418360,5600,2423320
FINNIFTY02JAN2421850CE.NFO,02/01/2024,09:27:38,0.55,0.55,795640,0.6,423160,720,2423320
FINNIFTY02JAN2421850CE.NFO,02/01/2024,09:27:40,0.55,0.55,795200,0.6,423160,320,2423320
FINNIFTY02JAN2421850CE.NFO,02/01/2024,09:27:41,0.55,0.55,795160,0.6,424960,1080,2423320
FINNIFTY02JAN2421850CE.NFO,02/01/2024,09:27:43,0.6,0.55,791680,0.6,427920,4480,2423320
FINNIFTY02JAN2421850CE.NFO,02/01/2024,09:27:45,0.55,0.55,789640,0.6,429880,1920,2423320
FINNIFTY02JAN2421850CE.NFO,02/01/2024,09:27:46,0.6,0.55,789360,0.6,429800,1120,2423320
FINNIFTY02JAN2421850CE.NFO,02/01/2024,09:27:48,0.55,0.55,787840,0.6,431600,1520,2423320
FINNIFTY02JAN2421850CE.NFO,02/01/2024,09:27:50,0.55,0.55,787840,0.6,431600,0,2423320
FINNIFTY02JAN2421850CE.NFO,02/01/2024,09:27:51,0.6,0.55,786520,0.6,433240,1480,2423320
FINNIFTY02JAN2421850CE.NFO,02/01/2024,09:27:53,0.55,0.55,786240,0.6,435040,280,2423320
FINNIFTY02JAN2421850CE.NFO,02/01/2024,09:27:55,0.6,0.55,785440,0.6,428440,9200,2423320
FINNIFTY02JAN2421850CE.NFO,02/01/2024,09:27:56,0.6,0.55,785440,0.6,419080,7440,2423320
FINNIFTY02JAN2421850CE.NFO,02/01/2024,09:27:58,0.6,0.55,780520,0.6,401880,6840,2423320
FINNIFTY02JAN2421850CE.NFO,02/01/2024,09:28:00,0.6,0.55,775440,0.6,409880,12480,2423320
FINNIFTY02JAN2421850CE.NFO,02/01/2024,09:28:01,0.6,0.55,775560,0.6,328040,3640,2423320
FINNIFTY02JAN2421850CE.NFO,02/01/2024,09:28:03,0.6,0.55,775560,0.6,300840,23400,2423320
FINNIFTY02JAN2421850CE.NFO,02/01/2024,09:28:05,0.6,0.55,688120,0.6,94960,184200,2423320
FINNIFTY02JAN2421850CE.NFO,02/01/2024,09:28:06,0.55,0.55,676120,0.6,152720,4440,2423320
FINNIFTY02JAN2421850CE.NFO,02/01/2024,09:28:08,0.55,0.55,683480,0.6,248760,4160,2423320
FINNIFTY02JAN2421850CE.NFO,02/01/2024,09:28:10,0.55,0.55,679480,0.6,259520,6160,2423320
FINNIFTY02JAN2421850CE.NFO,02/01/2024,09:28:11,0.6,0.55,679480,0.6,259440,80,2423320
FINNIFTY02JAN2421850CE.NFO,02/01/2024,09:28:13,0.6,0.55,679440,0.6,331800,760,2423320
FINNIFTY02JAN2421850CE.NFO,02/01/2024,09:28:14,0.55,0.55,679040,0.6,353680,400,2423320
FINNIFTY02JAN2421850CE.NFO,02/01/2024,09:28:16,0.6,0.55,675040,0.6,359880,5000,2423320
FINNIFTY02JAN2421850CE.NFO,02/01/2024,09:28:18,0.55,0.55,673840,0.6,365280,1200,2423320
FINNIFTY02JAN2421850CE.NFO,02/01/2024,09:28:19,0.55,0.55,673840,0.6,365280,0,2423320
FINNIFTY02JAN2421850CE.NFO,02/01/2024,09:28:21,0.55,0.55,673840,0.6,370000,0,2423320
FINNIFTY02JAN2421850CE.NFO,02/01/2024,09:28:23,0.6,0.55,693840,0.6,381600,200,2423320
FINNIFTY02JAN2421850CE.NFO,02/01/2024,09:28:24,0.6,0.55,691560,0.6,384680,4200,2423320
FINNIFTY02JAN2421850CE.NFO,02/01/2024,09:28:26,0.6,0.55,690760,0.6,381680,3160,2423320
FINNIFTY02JAN2421850CE.NFO,02/01/2024,09:28:28,0.6,0.55,675520,0.6,376360,6840,2423320
FINNIFTY02JAN2421850CE.NFO,02/01/2024,09:28:29,0.6,0.55,695120,0.6,376280,480,2423320
FINNIFTY02JAN2421850CE.NFO,02/01/2024,09:28:31,0.55,0.55,694520,0.6,372280,4600,2423320
FINNIFTY02JAN2421850CE.NFO,02/01/2024,09:28:32,0.6,0.55,694520,0.6,371400,3600,2423320
FINNIFTY02JAN2421850CE.NFO,02/01/2024,09:28:34,0.55,0.55,693680,0.6,371320,240,2423320
FINNIFTY02JAN2421850CE.NFO,02/01/2024,09:28:36,0.55,0.55,693680,0.6,371320,0,2423320
FINNIFTY02JAN2421850CE.NFO,02/01/2024,09:28:37,0.6,0.55,694560,0.6,371640,440,2423320
FINNIFTY02JAN2421850CE.NFO,02/01/2024,09:28:39,0.55,0.55,691680,0.6,370000,3720,2423320
FINNIFTY02JAN2421850CE.NFO,02/01/2024,09:28:41,0.6,0.55,690920,0.6,369000,1800,2423320
FINNIFTY02JAN2421850CE.NFO,02/01/2024,09:28:42,0.55,0.55,690480,0.6,369400,440,2423320
FINNIFTY02JAN2421850CE.NFO,02/01/2024,09:28:44,0.55,0.55,691040,0.6,378440,40,2423320
FINNIFTY02JAN2421850CE.NFO,02/01/2024,09:28:46,0.55,0.55,690720,0.6,378440,320,2423320
FINNIFTY02JAN2421850CE.NFO,02/01/2024,09:28:47,0.55,0.55,690720,0.6,378440,0,2423320
FINNIFTY02JAN2421850CE.NFO,02/01/2024,09:28:49,0.55,0.55,688600,0.6,399360,2280,2423320
FINNIFTY02JAN2421850CE.NFO,02/01/2024,09:28:51,0.55,0.55,668280,0.6,398000,20080,2423320
FINNIFTY02JAN2421850CE.NFO,02/01/2024,09:28:52,0.55,0.55,667880,0.6,398000,320,2423320
FINNIFTY02JAN2421850CE.NFO,02/01/2024,09:28:54,0.6,0.55,674600,0.6,395520,2320,2423320
FINNIFTY02JAN2421850CE.NFO,02/01/2024,09:28:56,0.55,0.55,673720,0.6,415720,360,2423320
FINNIFTY02JAN2421850CE.NFO,02/01/2024,09:28:57,0.6,0.55,673720,0.6,416200,1320,2423320
FINNIFTY02JAN2421850CE.NFO,02/01/2024,09:28:59,0.55,0.55,673560,0.6,415520,840,2423320
FINNIFTY02JAN2421850CE.NFO,02/01/2024,09:29:01,0.6,0.55,672520,0.6,408640,8440,2423320
FINNIFTY02JAN2421850CE.NFO,02/01/2024,09:29:02,0.6,0.55,672320,0.6,406320,2520,2423320
FINNIFTY02JAN2421850CE.NFO,02/01/2024,09:29:04,0.6,0.55,671920,0.6,407640,480,2423320
FINNIFTY02JAN2421850CE.NFO,02/01/2024,09:29:06,0.6,0.55,671440,0.6,407360,760,2423320
FINNIFTY02JAN2421850CE.NFO,02/01/2024,09:29:07,0.6,0.55,671120,0.6,407480,0,2423320
FINNIFTY02JAN2421850CE.NFO,02/01/2024,09:29:09,0.6,0.55,671120,0.6,408520,1240,2423320
FINNIFTY02JAN2421850CE.NFO,02/01/2024,09:29:11,0.6,0.55,672920,0.6,407640,880,2423320
FINNIFTY02JAN2421850CE.NFO,02/01/2024,09:29:12,0.6,0.55,676640,0.6,405560,1920,2423320
FINNIFTY02JAN2421850CE.NFO,02/01/2024,09:29:14,0.55,0.55,675440,0.6,406320,5480,2423320
FINNIFTY02JAN2421850CE.NFO,02/01/2024,09:29:16,0.6,0.55,680240,0.6,406840,280,2423320
FINNIFTY02JAN2421850CE.NFO,02/01/2024,09:29:17,0.6,0.55,685520,0.6,412240,0,2423320
FINNIFTY02JAN2421850CE.NFO,02/01/2024,09:29:19,0.6,0.55,689240,0.6,404320,9520,2423320
FINNIFTY02JAN2421850CE.NFO,02/01/2024,09:29:21,0.6,0.55,692080,0.6,369040,28680,2423320
FINNIFTY02JAN2421850CE.NFO,02/01/2024,09:29:22,0.6,0.55,694160,0.6,366680,10520,2423320
FINNIFTY02JAN2421850CE.NFO,02/01/2024,09:29:24,0.55,0.55,702760,0.6,366960,1920,2372160
FINNIFTY02JAN2421850CE.NFO,02/01/2024,09:29:26,0.6,0.55,738920,0.6,365200,12120,2372160
FINNIFTY02JAN2421850CE.NFO,02/01/2024,09:29:27,0.55,0.55,773680,0.6,346880,23480,2372160
FINNIFTY02JAN2421850CE.NFO,02/01/2024,09:29:29,0.55,0.55,823760,0.6,345920,5000,2372160
FINNIFTY02JAN2421850CE.NFO,02/01/2024,09:29:41,0.55,0.55,862800,0.6,188800,127920,2372160
FINNIFTY02JAN2421850CE.NFO,02/01/2024,09:29:53,0.6,0.55,861160,0.6,269320,5440,2372160
FINNIFTY02JAN2421850CE.NFO,02/01/2024,09:30:04,0.55,0.55,838520,0.6,173440,130720,2372160
FINNIFTY02JAN2421850CE.NFO,02/01/2024,09:30:16,0.55,0.55,828400,0.6,164440,33640,2372160
FINNIFTY02JAN2421850CE.NFO,02/01/2024,09:30:28,0.55,0.55,845200,0.6,158640,5880,2372160
FINNIFTY02JAN2421850CE.NFO,02/01/2024,09:30:30,0.55,0.55,845400,0.6,158800,7280,2372160
FINNIFTY02JAN2421850CE.NFO,02/01/2024,09:30:32,0.6,0.55,823760,0.6,158640,21800,2372160
FINNIFTY02JAN2421850CE.NFO,02/01/2024,09:30:33,0.55,0.55,823680,0.6,161480,7880,2372160
FINNIFTY02JAN2421850CE.NFO,02/01/2024,09:30:35,0.6,0.55,823640,0.6,195680,200,2372160
FINNIFTY02JAN2421850CE.NFO,02/01/2024,09:30:37,0.55,0.55,813400,0.6,195640,3840,2372160
FINNIFTY02JAN2421850CE.NFO,02/01/2024,09:30:38,0.55,0.55,821280,0.6,202680,80,2372160
FINNIFTY02JAN2421850CE.NFO,02/01/2024,09:30:40,0.6,0.55,821880,0.6,201480,1040,2372160
FINNIFTY02JAN2421850CE.NFO,02/01/2024,09:30:42,0.55,0.55,821800,0.6,200400,1400,2372160
FINNIFTY02JAN2421850CE.NFO,02/01/2024,09:30:43,0.6,0.55,821400,0.6,200040,400,2372160
FINNIFTY02JAN2421850CE.NFO,02/01/2024,09:30:45,0.55,0.55,821440,0.6,199120,1120,2372160
FINNIFTY02JAN2421850CE.NFO,02/01/2024,09:30:46,0.6,0.55,806720,0.6,198520,960,2372160
FINNIFTY02JAN2421850CE.NFO,02/01/2024,09:30:48,0.55,0.55,806640,0.6,198040,560,2372160
FINNIFTY02JAN2421850CE.NFO,02/01/2024,09:30:50,0.6,0.55,806600,0.6,197040,1040,2372160
FINNIFTY02JAN2421850CE.NFO,02/01/2024,09:30:51,0.6,0.55,807520,0.6,196960,120,2372160
FINNIFTY02JAN2421850CE.NFO,02/01/2024,09:30:53,0.55,0.55,805440,0.6,191280,7560,2372160
FINNIFTY02JAN2421850CE.NFO,02/01/2024,09:30:55,0.6,0.55,805240,0.6,191520,440,2372160
FINNIFTY02JAN2421850CE.NFO,02/01/2024,09:30:56,0.55,0.55,809440,0.6,191480,160,2372160
FINNIFTY02JAN2421850CE.NFO,02/01/2024,09:30:58,0.6,0.55,809360,0.6,195120,1440,2372160
FINNIFTY02JAN2421850CE.NFO,02/01/2024,09:31:00,0.55,0.55,807720,0.6,194160,1040,2372160
FINNIFTY02JAN2421850CE.NFO,02/01/2024,09:31:01,0.55,0.55,807720,0.6,194120,80,2372160
FINNIFTY02JAN2421850CE.NFO,02/01/2024,09:31:03,0.55,0.55,807200,0.6,194040,1400,2372160
FINNIFTY02JAN2421850CE.NFO,02/01/2024,09:31:05,0.55,0.55,808760,0.6,194040,40,2372160
FINNIFTY02JAN2421850CE.NFO,02/01/2024,09:31:06,0.55,0.55,808920,0.6,193040,1080,2372160
FINNIFTY02JAN2421850CE.NFO,02/01/2024,09:31:08,0.55,0.55,808880,0.6,193040,40,2372160
FINNIFTY02JAN2421850CE.NFO,02/01/2024,09:31:10,0.55,0.55,808680,0.6,193200,200,2372160
FINNIFTY02JAN2421850CE.NFO,02/01/2024,09:31:11,0.55,0.55,808880,0.6,193160,600,2372160
FINNIFTY02JAN2421850CE.NFO,02/01/2024,09:31:13,0.55,0.55,832560,0.6,190400,2320,2372160
FINNIFTY02JAN2421850CE.NFO,02/01/2024,09:31:15,0.6,0.55,833360,0.6,192000,1160,2372160
FINNIFTY02JAN2421850CE.NFO,02/01/2024,09:31:16,0.6,0.55,833120,0.6,162960,20080,2372160
FINNIFTY02JAN2421850CE.NFO,02/01/2024,09:31:18,0.6,0.55,833120,0.6,164160,1000,2372160
FINNIFTY02JAN2421850CE.NFO,02/01/2024,09:31:20,0.55,0.55,833920,0.6,165440,880,2372160
FINNIFTY02JAN2421850CE.NFO,02/01/2024,09:31:21,0.55,0.55,832760,0.6,165000,1600,2372160
FINNIFTY02JAN2421850CE.NFO,02/01/2024,09:31:23,0.6,0.55,831200,0.6,162160,3800,2372160
FINNIFTY02JAN2421850CE.NFO,02/01/2024,09:31:25,0.55,0.55,829800,0.6,163120,1400,2372160
FINNIFTY02JAN2421850CE.NFO,02/01/2024,09:31:26,0.55,0.55,830400,0.6,170800,0,2372160
FINNIFTY02JAN2421850CE.NFO,02/01/2024,09:31:28,0.55,0.55,830480,0.6,170800,0,2372160
FINNIFTY02JAN2421850CE.NFO,02/01/2024,09:31:35,0.55,0.55,829720,0.6,174680,3880,2372160
FINNIFTY02JAN2421850CE.NFO,02/01/2024,09:31:46,0.6,0.55,829760,0.6,164760,8280,2372160
FINNIFTY02JAN2421850CE.NFO,02/01/2024,09:31:57,0.6,0.55,829800,0.6,130440,26040,2372160
FINNIFTY02JAN2421850CE.NFO,02/01/2024,09:32:08,0.55,0.55,824000,0.6,109480,17440,2372160
FINNIFTY02JAN2421850CE.NFO,02/01/2024,09:32:19,0.55,0.55,806240,0.6,156120,18320,2372160
FINNIFTY02JAN2421850CE.NFO,02/01/2024,09:32:31,0.55,0.55,803840,0.6,185200,7480,2249520
FINNIFTY02JAN2421850CE.NFO,02/01/2024,09:32:43,0.55,0.55,903360,0.6,178960,11440,2249520
FINNIFTY02JAN2421850CE.NFO,02/01/2024,09:32:54,0.55,0.55,912640,0.6,197520,6040,2249520
FINNIFTY02JAN2421850CE.NFO,02/01/2024,09:33:05,0.6,0.55,813080,0.6,206320,5080,2249520
FINNIFTY02JAN2421850CE.NFO,02/01/2024,09:33:16,0.55,0.55,843320,0.6,206040,13240,2249520
FINNIFTY02JAN2421850CE.NFO,02/01/2024,09:33:27,0.6,0.55,819240,0.6,201000,35240,2249520
FINNIFTY02JAN2421850CE.NFO,02/01/2024,09:33:38,0.6,0.55,835760,0.6,197160,5880,2249520
FINNIFTY02JAN2421850CE.NFO,02/01/2024,09:33:49,0.55,0.55,825960,0.6,193440,3480,2249520
FINNIFTY02JAN2421850CE.NFO,02/01/2024,09:34:00,0.55,0.55,820880,0.6,186800,12320,2249520
FINNIFTY02JAN2421850CE.NFO,02/01/2024,09:34:11,0.6,0.55,964320,0.6,149560,32080,2249520
FINNIFTY02JAN2421850CE.NFO,02/01/2024,09:34:21,0.55,0.55,965880,0.6,158760,6520,2249520
FINNIFTY02JAN2421850CE.NFO,02/01/2024,09:34:30,0.55,0.55,961840,0.6,161680,8960,2249520
FINNIFTY02JAN2421850CE.NFO,02/01/2024,09:34:31,0.6,0.55,962080,0.6,154880,2560,2249520
FINNIFTY02JAN2421850CE.NFO,02/01/2024,09:34:33,0.55,0.55,958080,0.6,159320,4000,2249520
FINNIFTY02JAN2421850CE.NFO,02/01/2024,09:34:36,0.55,0.55,956080,0.6,162760,2000,2249520
FINNIFTY02JAN2421850CE.NFO,02/01/2024,09:34:38,0.55,0.55,956040,0.6,164720,40,2249520
FINNIFTY02JAN2421850CE.NFO,02/01/2024,09:34:40,0.6,0.55,956240,0.6,166600,440,2249520
FINNIFTY02JAN2421850CE.NFO,02/01/2024,09:34:41,0.6,0.55,955440,0.6,164720,2000,2249520
FINNIFTY02JAN2421850CE.NFO,02/01/2024,09:34:43,0.6,0.55,956040,0.6,157760,2720,2249520
FINNIFTY02JAN2421850CE.NFO,02/01/2024,09:34:45,0.6,0.55,956040,0.6,158720,0,2249520
FINNIFTY02JAN2421850CE.NFO,02/01/2024,09:34:46,0.6,0.55,955800,0.6,158720,1520,2249520
FINNIFTY02JAN2421850CE.NFO,02/01/2024,09:34:48,0.6,0.55,955800,0.6,161600,0,2249520
FINNIFTY02JAN2421850CE.NFO,02/01/2024,09:34:50,0.6,0.55,955920,0.6,151200,5520,2249520
FINNIFTY02JAN2421850CE.NFO,02/01/2024,09:34:51,0.55,0.55,954160,0.6,155480,40,2249520
FINNIFTY02JAN2421850CE.NFO,02/01/2024,09:34:53,0.6,0.55,953600,0.6,155800,320,2249520
FINNIFTY02JAN2421850CE.NFO,02/01/2024,09:34:55,0.6,0.55,953600,0.6,150040,1920,2249520
FINNIFTY02JAN2421850CE.NFO,02/01/2024,09:34:56,0.55,0.55,953120,0.6,153080,480,2249520
FINNIFTY02JAN2421850CE.NFO,02/01/2024,09:34:58,0.55,0.55,950960,0.6,153440,2440,2249520
FINNIFTY02JAN2421850CE.NFO,02/01/2024,09:35:00,0.55,0.55,950280,0.6,154320,360,2249520
FINNIFTY02JAN2421850CE.NFO,02/01/2024,09:35:01,0.55,0.55,951080,0.6,154320,960,2249520
FINNIFTY02JAN2421850CE.NFO,02/01/2024,09:35:03,0.6,0.55,964440,0.6,147520,7240,2249520
FINNIFTY02JAN2421850CE.NFO,02/01/2024,09:35:05,0.6,0.55,965920,0.6,146880,0,2249520
FINNIFTY02JAN2421850CE.NFO,02/01/2024,09:35:06,0.6,0.55,962680,0.6,141360,3560,2249520
FINNIFTY02JAN2421850CE.NFO,02/01/2024,09:35:08,0.6,0.55,961720,0.6,147120,2840,2249520
FINNIFTY02JAN2421850CE.NFO,02/01/2024,09:35:10,0.6,0.55,960720,0.6,142440,2000,2249520
FINNIFTY02JAN2421850CE.NFO,02/01/2024,09:35:11,0.6,0.55,960080,0.6,137640,5360,2249520
FINNIFTY02JAN2421850CE.NFO,02/01/2024,09:35:15,0.55,0.55,956640,0.6,140400,4120,2249520
FINNIFTY02JAN2421850CE.NFO,02/01/2024,09:35:16,0.55,0.55,956000,0.6,131400,9040,2249520
FINNIFTY02JAN2421850CE.NFO,02/01/2024,09:35:18,0.6,0.55,956600,0.6,123040,4920,2249520
FINNIFTY02JAN2421850CE.NFO,02/01/2024,09:35:20,0.6,0.55,956600,0.6,122880,0,2249520
FINNIFTY02JAN2421850CE.NFO,02/01/2024,09:35:21,0.6,0.55,955360,0.6,132800,0,2249520
FINNIFTY02JAN2421850CE.NFO,02/01/2024,09:35:23,0.6,0.55,955360,0.6,131280,0,2249520
FINNIFTY02JAN2421850CE.NFO,02/01/2024,09:35:25,0.6,0.55,955360,0.6,232360,1800,2261360
FINNIFTY02JAN2421850CE.NFO,02/01/2024,09:35:26,0.6,0.55,955360,0.6,232360,0,2261360
FINNIFTY02JAN2421850CE.NFO,02/01/2024,09:35:28,0.6,0.55,955120,0.6,232360,2040,2261360
FINNIFTY02JAN2421850CE.NFO,02/01/2024,09:35:30,0.6,0.55,955040,0.6,233960,2120,2261360
FINNIFTY02JAN2421850CE.NFO,02/01/2024,09:35:31,0.55,0.55,954360,0.6,234120,200,2261360
FINNIFTY02JAN2421850CE.NFO,02/01/2024,09:35:33,0.55,0.55,968400,0.6,273720,40,2261360
FINNIFTY02JAN2421850CE.NFO,02/01/2024,09:35:35,0.55,0.55,969040,0.6,334320,0,2261360
FINNIFTY02JAN2421850CE.NFO,02/01/2024,09:35:36,0.55,0.55,968440,0.6,334160,0,2261360
FINNIFTY02JAN2421850CE.NFO,02/01/2024,09:35:38,0.6,0.55,968440,0.6,333760,400,2261360
FINNIFTY02JAN2421850CE.NFO,02/01/2024,09:35:40,0.6,0.55,968440,0.6,335560,0,2261360
FINNIFTY02JAN2421850CE.NFO,02/01/2024,09:35:41,0.6,0.55,969040,0.6,333640,120,2261360
FINNIFTY02JAN2421850CE.NFO,02/01/2024,09:35:43,0.55,0.55,969320,0.6,307440,17840,2261360
FINNIFTY02JAN2421850CE.NFO,02/01/2024,09:35:45,0.6,0.55,968720,0.6,308840,1000,2261360
FINNIFTY02JAN2421850CE.NFO,02/01/2024,09:35:46,0.6,0.55,968400,0.6,302040,3400,2261360
FINNIFTY02JAN2421850CE.NFO,02/01/2024,09:35:48,0.6,0.55,968560,0.6,300520,2160,2261360
FINNIFTY02JAN2421850CE.NFO,02/01/2024,09:35:50,0.6,0.55,968240,0.6,304320,0,2261360
FINNIFTY02JAN2421850CE.NFO,02/01/2024,09:35:51,0.6,0.55,969160,0.6,300520,3800,2261360
FINNIFTY02JAN2421850CE.NFO,02/01/2024,09:35:53,0.55,0.55,966280,0.6,297520,2360,2261360
FINNIFTY02JAN2421850CE.NFO,02/01/2024,09:35:55,0.55,0.55,966120,0.6,299200,40,2261360
FINNIFTY02JAN2421850CE.NFO,02/01/2024,09:35:56,0.6,0.55,966080,0.6,297720,1600,2261360
FINNIFTY02JAN2421850CE.NFO,02/01/2024,09:35:58,0.6,0.55,966200,0.6,298880,520,2261360
FINNIFTY02JAN2421850CE.NFO,02/01/2024,09:36:00,0.6,0.55,968120,0.6,307080,3960,2261360
FINNIFTY02JAN2421850CE.NFO,02/01/2024,09:36:01,0.6,0.55,967800,0.6,302200,4560,2261360
FINNIFTY02JAN2421850CE.NFO,02/01/2024,09:36:03,0.6,0.55,968120,0.6,298360,920,2261360
FINNIFTY02JAN2421850CE.NFO,02/01/2024,09:36:05,0.6,0.55,967600,0.6,300280,1520,2261360
FINNIFTY02JAN2421850CE.NFO,02/01/2024,09:36:06,0.6,0.55,967360,0.6,299960,560,2261360
FINNIFTY02JAN2421850CE.NFO,02/01/2024,09:36:08,0.6,0.55,967680,0.6,295040,1720,2261360
FINNIFTY02JAN2421850CE.NFO,02/01/2024,09:36:10,0.6,0.55,967960,0.6,293720,600,2261360
FINNIFTY02JAN2421850CE.NFO,02/01/2024,09:36:11,0.55,0.55,964560,0.6,297440,3040,2261360
FINNIFTY02JAN2421850CE.NFO,02/01/2024,09:36:13,0.6,0.55,967520,0.6,298600,2680,2261360
FINNIFTY02JAN2421850CE.NFO,02/01/2024,09:36:15,0.55,0.55,966760,0.6,301480,400,2261360
FINNIFTY02JAN2421850CE.NFO,02/01/2024,09:36:16,0.55,0.55,967040,0.6,301440,40,2261360
FINNIFTY02JAN2421850CE.NFO,02/01/2024,09:36:18,0.6,0.55,965720,0.6,297040,5640,2261360
FINNIFTY02JAN2421850CE.NFO,02/01/2024,09:36:20,0.6,0.55,964440,0.6,300200,1760,2261360
FINNIFTY02JAN2421850CE.NFO,02/01/2024,09:36:21,0.6,0.55,910080,0.6,300200,0,2261360
FINNIFTY02JAN2421850CE.NFO,02/01/2024,09:36:23,0.6,0.55,909960,0.6,299800,440,2261360
FINNIFTY02JAN2421850CE.NFO,02/01/2024,09:36:25,0.6,0.55,910320,0.6,300000,400,2261360
FINNIFTY02JAN2421850CE.NFO,02/01/2024,09:36:26,0.6,0.55,910280,0.6,297600,2440,2261360
FINNIFTY02JAN2421850CE.NFO,02/01/2024,09:36:28,0.55,0.55,909880,0.6,297040,2680,2261360
FINNIFTY02JAN2421850CE.NFO,02/01/2024,09:36:29,0.6,0.55,910480,0.6,296240,800,2261360
FINNIFTY02JAN2421850CE.NFO,02/01/2024,09:36:31,0.6,0.55,910480,0.6,297400,240,2261360
FINNIFTY02JAN2421850CE.NFO,02/01/2024,09:36:33,0.6,0.55,910360,0.6,304600,0,2261360
FINNIFTY02JAN2421850CE.NFO,02/01/2024,09:36:34,0.6,0.55,910480,0.6,304960,0,2261360
FINNIFTY02JAN2421850CE.NFO,02/01/2024,09:36:36,0.55,0.55,910280,0.6,305320,200,2261360
FINNIFTY02JAN2421850CE.NFO,02/01/2024,09:36:38,0.55,0.55,909960,0.6,305760,200,2261360
FINNIFTY02JAN2421850CE.NFO,02/01/2024,09:36:39,0.55,0.55,909960,0.6,305760,120,2261360
FINNIFTY02JAN2421850CE.NFO,02/01/2024,09:36:41,0.55,0.55,909720,0.6,305760,240,2261360
FINNIFTY02JAN2421850CE.NFO,02/01/2024,09:36:43,0.55,0.55,908640,0.6,305920,960,2261360
FINNIFTY02JAN2421850CE.NFO,02/01/2024,09:36:44,0.55,0.55,907960,0.6,305760,800,2261360
FINNIFTY02JAN2421850CE.NFO,02/01/2024,09:36:46,0.55,0.55,902560,0.6,301920,9240,2261360
FINNIFTY02JAN2421850CE.NFO,02/01/2024,09:36:48,0.6,0.55,901280,0.6,300120,3080,2261360
FINNIFTY02JAN2421850CE.NFO,02/01/2024,09:36:49,0.55,0.55,901000,0.6,309760,160,2261360
FINNIFTY02JAN2421850CE.NFO,02/01/2024,09:36:51,0.6,0.55,901120,0.6,309040,120,2261360
FINNIFTY02JAN2421850CE.NFO,02/01/2024,09:36:53,0.55,0.55,899000,0.6,303800,6600,2261360
FINNIFTY02JAN2421850CE.NFO,02/01/2024,09:36:54,0.55,0.55,898840,0.6,303440,360,2261360
FINNIFTY02JAN2421850CE.NFO,02/01/2024,09:36:56,0.55,0.55,898040,0.6,303440,800,2261360
FINNIFTY02JAN2421850CE.NFO,02/01/2024,09:36:58,0.55,0.55,896960,0.6,305240,960,2261360
FINNIFTY02JAN2421850CE.NFO,02/01/2024,09:36:59,0.55,0.55,888680,0.6,310640,4440,2261360
FINNIFTY02JAN2421850CE.NFO,02/01/2024,09:37:01,0.55,0.55,888840,0.6,310080,7440,2261360
FINNIFTY02JAN2421850CE.NFO,02/01/2024,09:37:03,0.55,0.55,876680,0.6,311360,8360,2261360
FINNIFTY02JAN2421850CE.NFO,02/01/2024,09:37:04,0.55,0.55,871000,0.6,318560,2160,2261360
FINNIFTY02JAN2421850CE.NFO,02/01/2024,09:37:06,0.55,0.55,869280,0.6,319360,1360,2261360
FINNIFTY02JAN2421850CE.NFO,02/01/2024,09:37:08,0.55,0.55,867880,0.6,320760,0,2261360
FINNIFTY02JAN2421850CE.NFO,02/01/2024,09:37:09,0.6,0.55,875200,0.6,319600,2440,2261360
FINNIFTY02JAN2421850CE.NFO,02/01/2024,09:37:11,0.55,0.55,873280,0.6,322600,1800,2261360
FINNIFTY02JAN2421850CE.NFO,02/01/2024,09:37:13,0.55,0.55,871480,0.6,324360,1840,2261360
FINNIFTY02JAN2421850CE.NFO,02/01/2024,09:37:14,0.55,0.55,869560,0.6,324280,3720,2261360
FINNIFTY02JAN2421850CE.NFO,02/01/2024,09:37:16,0.55,0.55,864120,0.6,329680,4160,2261360
FINNIFTY02JAN2421850CE.NFO,02/01/2024,09:37:18,0.6,0.55,865360,0.6,333240,80,2261360
FINNIFTY02JAN2421850CE.NFO,02/01/2024,09:37:19,0.6,0.55,865480,0.6,332720,520,2261360
FINNIFTY02JAN2421850CE.NFO,02/01/2024,09:37:21,0.55,0.55,865080,0.6,331960,400,2261360
FINNIFTY02JAN2421850CE.NFO,02/01/2024,09:37:23,0.55,0.55,860000,0.6,333640,5280,2261360
FINNIFTY02JAN2421850CE.NFO,02/01/2024,09:37:24,0.6,0.55,860120,0.6,332200,1440,2261360
FINNIFTY02JAN2421850CE.NFO,02/01/2024,09:37:26,0.55,0.55,860120,0.6,332160,40,2261360
FINNIFTY02JAN2421850CE.NFO,02/01/2024,09:37:28,0.6,0.55,860480,0.6,330960,1200,2261360
FINNIFTY02JAN2421850CE.NFO,02/01/2024,09:37:29,0.6,0.55,860480,0.6,330840,120,2261360
FINNIFTY02JAN2421850CE.NFO,02/01/2024,09:37:32,0.55,0.55,860360,0.6,331560,120,2261360
FINNIFTY02JAN2421850CE.NFO,02/01/2024,09:37:43,0.55,0.55,857000,0.6,325840,15400,2261360
FINNIFTY02JAN2421850CE.NFO,02/01/2024,09:37:53,0.55,0.55,854520,0.6,319800,10840,2261360
FINNIFTY02JAN2421850CE.NFO,02/01/2024,09:38:03,0.55,0.55,798600,0.6,345320,87760,2261360
FINNIFTY02JAN2421850CE.NFO,02/01/2024,09:38:14,0.55,0.55,801080,0.6,353360,25600,2261360
FINNIFTY02JAN2421850CE.NFO,02/01/2024,09:38:24,0.6,0.55,801400,0.6,331960,24840,2261360
FINNIFTY02JAN2421850CE.NFO,02/01/2024,09:38:30,0.6,0.55,801200,0.6,305920,23680,2304960
FINNIFTY02JAN2421850CE.NFO,02/01/2024,09:38:32,0.6,0.55,795720,0.6,306760,14840,2304960
FINNIFTY02JAN2421850CE.NFO,02/01/2024,09:38:34,0.6,0.55,795720,0.6,304840,1920,2304960
FINNIFTY02JAN2421850CE.NFO,02/01/2024,09:38:35,0.6,0.55,796800,0.6,299560,4000,2304960
FINNIFTY02JAN2421850CE.NFO,02/01/2024,09:38:37,0.6,0.55,797040,0.6,278600,14560,2304960
FINNIFTY02JAN2421850CE.NFO,02/01/2024,09:38:38,0.6,0.55,797000,0.6,243600,34480,2304960
FINNIFTY02JAN2421850CE.NFO,02/01/2024,09:38:40,0.6,0.6,459760,0.65,293920,238600,2304960
FINNIFTY02JAN2421850CE.NFO,02/01/2024,09:38:42,0.6,0.6,508560,0.65,293880,200,2304960
FINNIFTY02JAN2421850CE.NFO,02/01/2024,09:38:43,0.65,0.6,508480,0.65,293840,120,2304960
FINNIFTY02JAN2421850CE.NFO,02/01/2024,09:38:45,0.6,0.6,488720,0.65,302520,25360,2304960
FINNIFTY02JAN2421850CE.NFO,02/01/2024,09:38:47,0.6,0.6,501200,0.65,301080,1040,2304960
FINNIFTY02JAN2421850CE.NFO,02/01/2024,09:38:48,0.65,0.6,501240,0.65,300080,1000,2304960
FINNIFTY02JAN2421850CE.NFO,02/01/2024,09:38:50,0.65,0.6,493880,0.65,300120,320,2304960
FINNIFTY02JAN2421850CE.NFO,02/01/2024,09:38:52,0.6,0.6,490840,0.65,299640,3080,2304960
FINNIFTY02JAN2421850CE.NFO,02/01/2024,09:38:53,0.6,0.6,493400,0.65,299800,40,2304960
FINNIFTY02JAN2421850CE.NFO,02/01/2024,09:38:55,0.6,0.6,480360,0.65,301960,12680,2304960
FINNIFTY02JAN2421850CE.NFO,02/01/2024,09:38:57,0.6,0.6,480320,0.65,302160,0,2304960
FINNIFTY02JAN2421850CE.NFO,02/01/2024,09:38:58,0.6,0.6,478640,0.65,300280,1360,2304960
FINNIFTY02JAN2421850CE.NFO,02/01/2024,09:39:00,0.6,0.6,479120,0.65,301040,120,2304960
FINNIFTY02JAN2421850CE.NFO,02/01/2024,09:39:02,0.65,0.6,478920,0.65,298960,1480,2304960
FINNIFTY02JAN2421850CE.NFO,02/01/2024,09:39:03,0.6,0.6,469840,0.65,269280,10560,2304960
FINNIFTY02JAN2421850CE.NFO,02/01/2024,09:39:05,0.6,0.6,482840,0.65,263880,6800,2304960
FINNIFTY02JAN2421850CE.NFO,02/01/2024,09:39:07,0.65,0.6,517880,0.65,262040,2320,2304960
FINNIFTY02JAN2421850CE.NFO,02/01/2024,09:39:08,0.6,0.6,518960,0.65,211640,46720,2304960
FINNIFTY02JAN2421850CE.NFO,02/01/2024,09:39:10,0.6,0.6,517960,0.65,189480,34600,2304960
FINNIFTY02JAN2421850CE.NFO,02/01/2024,09:39:11,0.65,0.6,511920,0.65,49760,137520,2304960
FINNIFTY02JAN2421850CE.NFO,02/01/2024,09:39:13,0.65,0.65,126320,0.7,81440,41280,2304960
FINNIFTY02JAN2421850CE.NFO,02/01/2024,09:39:15,0.65,0.65,67960,0.7,176840,14280,2304960
FINNIFTY02JAN2421850CE.NFO,02/01/2024,09:39:16,0.65,0.6,477880,0.65,76480,64280,2304960
FINNIFTY02JAN2421850CE.NFO,02/01/2024,09:39:18,0.65,0.6,477760,0.65,173360,120,2304960
FINNIFTY02JAN2421850CE.NFO,02/01/2024,09:39:20,0.6,0.6,475960,0.65,173360,1800,2304960
FINNIFTY02JAN2421850CE.NFO,02/01/2024,09:39:21,0.65,0.6,475960,0.65,176760,40,2304960
FINNIFTY02JAN2421850CE.NFO,02/01/2024,09:39:23,0.6,0.6,475000,0.65,177040,3160,2304960
FINNIFTY02JAN2421850CE.NFO,02/01/2024,09:39:25,0.65,0.6,485560,0.65,227080,18000,2304960
FINNIFTY02JAN2421850CE.NFO,02/01/2024,09:39:26,0.65,0.6,484440,0.65,231120,0,2304960
FINNIFTY02JAN2421850CE.NFO,02/01/2024,09:39:28,0.65,0.6,485920,0.65,229960,0,2304960
FINNIFTY02JAN2421850CE.NFO,02/01/2024,09:39:30,0.65,0.6,484840,0.65,310920,1960,2304960
FINNIFTY02JAN2421850CE.NFO,02/01/2024,09:39:32,0.65,0.6,483760,0.65,312520,0,2304960
FINNIFTY02JAN2421850CE.NFO,02/01/2024,09:39:33,0.65,0.6,484280,0.65,312520,0,2304960
FINNIFTY02JAN2421850CE.NFO,02/01/2024,09:39:35,0.6,0.6,484120,0.65,319320,40,2304960
FINNIFTY02JAN2421850CE.NFO,02/01/2024,09:39:37,0.6,0.6,484080,0.65,320320,40,2304960
FINNIFTY02JAN2421850CE.NFO,02/01/2024,09:39:38,0.6,0.6,484200,0.65,420880,840,2304960
FINNIFTY02JAN2421850CE.NFO,02/01/2024,09:39:40,0.6,0.6,484720,0.65,420880,0,2304960
FINNIFTY02JAN2421850CE.NFO,02/01/2024,09:39:42,0.6,0.6,492400,0.65,420400,0,2304960
FINNIFTY02JAN2421850CE.NFO,02/01/2024,09:39:43,0.6,0.6,497680,0.65,417680,18600,2304960
FINNIFTY02JAN2421850CE.NFO,02/01/2024,09:39:45,0.6,0.6,497840,0.65,417320,5480,2304960
FINNIFTY02JAN2421850CE.NFO,02/01/2024,09:39:47,0.65,0.6,494720,0.65,416680,6560,2304960
FINNIFTY02JAN2421850CE.NFO,02/01/2024,09:39:48,0.6,0.6,501000,0.65,402440,22600,2304960
FINNIFTY02JAN2421850CE.NFO,02/01/2024,09:39:50,0.6,0.6,500280,0.65,376560,19200,2304960
FINNIFTY02JAN2421850CE.NFO,02/01/2024,09:39:52,0.65,0.6,466600,0.65,332080,44520,2304960
FINNIFTY02JAN2421850CE.NFO,02/01/2024,09:39:53,0.6,0.6,456720,0.65,331280,8960,2304960
FINNIFTY02JAN2421850CE.NFO,02/01/2024,09:39:55,0.65,0.6,456000,0.65,328720,1080,2304960
FINNIFTY02JAN2421850CE.NFO,02/01/2024,09:39:57,0.6,0.6,455960,0.65,311160,18040,2304960
FINNIFTY02JAN2421850CE.NFO,02/01/2024,09:39:58,0.6,0.6,454920,0.65,308240,3920,2304960
FINNIFTY02JAN2421850CE.NFO,02/01/2024,09:40:00,0.6,0.6,454240,0.65,308840,0,2304960
FINNIFTY02JAN2421850CE.NFO,02/01/2024,09:40:02,0.65,0.6,453280,0.65,307640,2800,2304960
FINNIFTY02JAN2421850CE.NFO,02/01/2024,09:40:03,0.65,0.6,453600,0.65,306880,560,2304960
FINNIFTY02JAN2421850CE.NFO,02/01/2024,09:40:05,0.6,0.6,449920,0.65,306720,2280,2304960
FINNIFTY02JAN2421850CE.NFO,02/01/2024,09:40:07,0.6,0.6,448320,0.65,310280,1600,2304960
FINNIFTY02JAN2421850CE.NFO,02/01/2024,09:40:08,0.6,0.6,446760,0.65,312480,3400,2304960
FINNIFTY02JAN2421850CE.NFO,02/01/2024,09:40:10,0.65,0.6,446160,0.65,306160,11000,2304960
FINNIFTY02JAN2421850CE.NFO,02/01/2024,09:40:12,0.6,0.6,444680,0.65,303920,3000,2304960
FINNIFTY02JAN2421850CE.NFO,02/01/2024,09:40:13,0.65,0.6,444080,0.65,304800,1720,2304960
FINNIFTY02JAN2421850CE.NFO,02/01/2024,09:40:15,0.6,0.6,443240,0.65,304640,760,2304960
FINNIFTY02JAN2421850CE.NFO,02/01/2024,09:40:17,0.6,0.6,469560,0.65,304720,240,2304960
FINNIFTY02JAN2421850CE.NFO,02/01/2024,09:40:18,0.65,0.6,469080,0.65,304640,600,2304960
FINNIFTY02JAN2421850CE.NFO,02/01/2024,09:40:20,0.6,0.6,468480,0.65,301720,1200,2304960
FINNIFTY02JAN2421850CE.NFO,02/01/2024,09:40:22,0.6,0.6,464560,0.65,300760,4240,2304960
FINNIFTY02JAN2421850CE.NFO,02/01/2024,09:40:23,0.6,0.6,459280,0.65,300720,5440,2304960
FINNIFTY02JAN2421850CE.NFO,02/01/2024,09:40:25,0.65,0.6,460160,0.65,300840,40,2304960
FINNIFTY02JAN2421850CE.NFO,02/01/2024,09:40:27,0.65,0.6,458720,0.65,300840,0,2304960
FINNIFTY02JAN2421850CE.NFO,02/01/2024,09:40:28,0.6,0.6,443480,0.65,302640,14800,2304960
FINNIFTY02JAN2421850CE.NFO,02/01/2024,09:40:31,0.65,0.6,444440,0.65,285920,18480,2304960
FINNIFTY02JAN2421850CE.NFO,02/01/2024,09:40:33,0.6,0.6,446480,0.65,285160,2760,2304960
FINNIFTY02JAN2421850CE.NFO,02/01/2024,09:40:34,0.65,0.6,446480,0.65,284160,1000,2304960
FINNIFTY02JAN2421850CE.NFO,02/01/2024,09:40:36,0.6,0.6,444680,0.65,279800,4600,2304960
FINNIFTY02JAN2421850CE.NFO,02/01/2024,09:40:38,0.65,0.6,445560,0.65,256320,15400,2304960
FINNIFTY02JAN2421850CE.NFO,02/01/2024,09:40:39,0.65,0.6,445560,0.65,252720,3600,2304960
FINNIFTY02JAN2421850CE.NFO,02/01/2024,09:40:41,0.65,0.6,443720,0.65,246440,2320,2304960
FINNIFTY02JAN2421850CE.NFO,02/01/2024,09:40:43,0.65,0.6,441760,0.65,246440,1120,2304960
FINNIFTY02JAN2421850CE.NFO,02/01/2024,09:40:44,0.6,0.6,442480,0.65,248000,920,2304960
FINNIFTY02JAN2421850CE.NFO,02/01/2024,09:40:46,0.65,0.6,442360,0.65,256080,240,2304960
FINNIFTY02JAN2421850CE.NFO,02/01/2024,09:40:48,0.65,0.6,443640,0.65,297800,3040,2304960
FINNIFTY02JAN2421850CE.NFO,02/01/2024,09:40:50,0.65,0.6,443960,0.65,297280,520,2304960
FINNIFTY02JAN2421850CE.NFO,02/01/2024,09:40:51,0.65,0.6,443960,0.65,288520,0,2304960
FINNIFTY02JAN2421850CE.NFO,02/01/2024,09:40:53,0.6,0.6,445400,0.65,287680,160,2304960
FINNIFTY02JAN2421850CE.NFO,02/01/2024,09:40:55,0.65,0.6,444760,0.65,279320,4080,2304960
FINNIFTY02JAN2421850CE.NFO,02/01/2024,09:40:56,0.65,0.6,445360,0.65,277640,0,2304960
FINNIFTY02JAN2421850CE.NFO,02/01/2024,09:40:58,0.65,0.6,425600,0.65,284920,6400,2304960
FINNIFTY02JAN2421850CE.NFO,02/01/2024,09:41:00,0.65,0.6,425600,0.65,284880,0,2304960
FINNIFTY02JAN2421850CE.NFO,02/01/2024,09:41:01,0.6,0.6,419000,0.65,285360,2400,2304960
FINNIFTY02JAN2421850CE.NFO,02/01/2024,09:41:03,0.6,0.6,424000,0.65,290720,400,2304960
FINNIFTY02JAN2421850CE.NFO,02/01/2024,09:41:05,0.6,0.6,422200,0.65,291200,0,2304960
FINNIFTY02JAN2421850CE.NFO,02/01/2024,09:41:06,0.6,0.6,422360,0.65,290440,0,2304960
FINNIFTY02JAN2421850CE.NFO,02/01/2024,09:41:08,0.6,0.6,422280,0.65,291320,80,2304960
FINNIFTY02JAN2421850CE.NFO,02/01/2024,09:41:10,0.6,0.6,412400,0.65,291480,10160,2304960
FINNIFTY02JAN2421850CE.NFO,02/01/2024,09:41:11,0.6,0.6,412440,0.65,288520,3000,2304960
FINNIFTY02JAN2421850CE.NFO,02/01/2024,09:41:13,0.65,0.6,412440,0.65,288320,200,2304960
FINNIFTY02JAN2421850CE.NFO,02/01/2024,09:41:15,0.65,0.6,412440,0.65,288040,280,2304960
FINNIFTY02JAN2421850CE.NFO,02/01/2024,09:41:16,0.65,0.6,410840,0.65,288000,1400,2304960
FINNIFTY02JAN2421850CE.NFO,02/01/2024,09:41:18,0.6,0.6,411320,0.65,289120,120,2304960
FINNIFTY02JAN2421850CE.NFO,02/01/2024,09:41:20,0.6,0.6,410400,0.65,287760,2760,2304960
FINNIFTY02JAN2421850CE.NFO,02/01/2024,09:41:21,0.6,0.6,410400,0.65,288160,0,2304960
FINNIFTY02JAN2421850CE.NFO,02/01/2024,09:41:25,0.65,0.6,409760,0.65,288240,1040,2304960
FINNIFTY02JAN2421850CE.NFO,02/01/2024,09:41:26,0.65,0.6,409760,0.65,288080,160,2813440
FINNIFTY02JAN2421850CE.NFO,02/01/2024,09:41:28,0.6,0.6,409600,0.65,288080,160,2813440
FINNIFTY02JAN2421850CE.NFO,02/01/2024,09:41:30,0.65,0.6,409600,0.65,287800,2080,2813440
FINNIFTY02JAN2421850CE.NFO,02/01/2024,09:41:38,0.65,0.6,488880,0.65,273080,18360,2813440
FINNIFTY02JAN2421850CE.NFO,02/01/2024,09:41:49,0.65,0.6,406880,0.65,282600,3520,2813440
FINNIFTY02JAN2421850CE.NFO,02/01/2024,09:42:00,0.65,0.6,406720,0.65,249400,25000,2813440
FINNIFTY02JAN2421850CE.NFO,02/01/2024,09:42:12,0.65,0.6,450080,0.65,249040,18200,2813440
FINNIFTY02JAN2421850CE.NFO,02/01/2024,09:42:22,0.6,0.6,446240,0.65,246440,7040,2813440
FINNIFTY02JAN2421850CE.NFO,02/01/2024,09:42:33,0.65,0.6,439440,0.65,236520,16360,2813440
FINNIFTY02JAN2421850CE.NFO,02/01/2024,09:42:44,0.6,0.6,449240,0.65,212880,17280,2813440
FINNIFTY02JAN2421850CE.NFO,02/01/2024,09:42:55,0.65,0.6,446720,0.65,206720,11960,2813440
FINNIFTY02JAN2421850CE.NFO,02/01/2024,09:43:06,0.65,0.6,499160,0.65,205320,5880,2813440
FINNIFTY02JAN2421850CE.NFO,02/01/2024,09:43:17,0.65,0.6,1007200,0.65,169680,43080,2813440
FINNIFTY02JAN2421850CE.NFO,02/01/2024,09:43:29,0.65,0.6,1010880,0.65,297120,10440,2813440
FINNIFTY02JAN2421850CE.NFO,02/01/2024,09:43:30,0.65,0.6,969480,0.65,297120,0,2813440
FINNIFTY02JAN2421850CE.NFO,02/01/2024,09:43:32,0.6,0.6,967040,0.65,297520,2000,2813440
FINNIFTY02JAN2421850CE.NFO,02/01/2024,09:43:34,0.6,0.6,966960,0.65,296360,1080,2813440
FINNIFTY02JAN2421850CE.NFO,02/01/2024,09:43:35,0.65,0.6,967400,0.65,294360,2000,2813440
FINNIFTY02JAN2421850CE.NFO,02/01/2024,09:43:37,0.65,0.6,966560,0.65,292360,2280,2813440
FINNIFTY02JAN2421850CE.NFO,02/01/2024,09:43:39,0.65,0.6,968960,0.65,292520,0,2813440
FINNIFTY02JAN2421850CE.NFO,02/01/2024,09:43:40,0.65,0.6,971520,0.65,292280,0,2813440
FINNIFTY02JAN2421850CE.NFO,02/01/2024,09:43:42,0.65,0.6,976080,0.65,292520,0,2813440
FINNIFTY02JAN2421850CE.NFO,02/01/2024,09:43:43,0.6,0.6,978400,0.65,292280,80,2813440
FINNIFTY02JAN2421850CE.NFO,02/01/2024,09:43:45,0.6,0.6,981040,0.65,292280,160,2813440
FINNIFTY02JAN2421850CE.NFO,02/01/2024,09:43:47,0.65,0.6,981040,0.65,309080,1040,2813440
FINNIFTY02JAN2421850CE.NFO,02/01/2024,09:43:48,0.65,0.6,981080,0.65,304120,880,2813440
FINNIFTY02JAN2421850CE.NFO,02/01/2024,09:43:50,0.65,0.6,982120,0.65,300440,200,2813440
FINNIFTY02JAN2421850CE.NFO,02/01/2024,09:43:52,0.65,0.6,982120,0.65,304520,0,2813440
FINNIFTY02JAN2421850CE.NFO,02/01/2024,09:43:53,0.65,0.6,981520,0.65,307720,320,2813440
FINNIFTY02JAN2421850CE.NFO,02/01/2024,09:43:55,0.65,0.6,981520,0.65,320760,160,2813440
FINNIFTY02JAN2421850CE.NFO,02/01/2024,09:43:57,0.65,0.6,981520,0.65,315440,1320,2813440
FINNIFTY02JAN2421850CE.NFO,02/01/2024,09:43:58,0.6,0.6,981000,0.65,310160,1480,2813440
FINNIFTY02JAN2421850CE.NFO,02/01/2024,09:44:00,0.65,0.6,980840,0.65,308320,2520,2813440
FINNIFTY02JAN2421850CE.NFO,02/01/2024,09:44:02,0.65,0.6,980400,0.65,294920,12120,2813440
FINNIFTY02JAN2421850CE.NFO,02/01/2024,09:44:03,0.65,0.6,980600,0.65,291880,3600,2813440
FINNIFTY02JAN2421850CE.NFO,02/01/2024,09:44:05,0.65,0.6,980600,0.65,291880,0,2813440
FINNIFTY02JAN2421850CE.NFO,02/01/2024,09:44:08,0.65,0.6,980840,0.65,291880,0,2813440
FINNIFTY02JAN2421850CE.NFO,02/01/2024,09:44:10,0.65,0.6,981160,0.65,303760,0,2813440
FINNIFTY02JAN2421850CE.NFO,02/01/2024,09:44:11,0.65,0.6,980520,0.65,303360,400,2813440
FINNIFTY02JAN2421850CE.NFO,02/01/2024,09:44:13,0.65,0.6,980520,0.65,303360,0,2813440
FINNIFTY02JAN2421850CE.NFO,02/01/2024,09:44:15,0.65,0.6,980520,0.65,303040,320,2813440
FINNIFTY02JAN2421850CE.NFO,02/01/2024,09:44:16,0.65,0.6,981360,0.65,302080,400,2813440
FINNIFTY02JAN2421850CE.NFO,02/01/2024,09:44:18,0.65,0.6,980520,0.65,302120,0,2813440
FINNIFTY02JAN2421850CE.NFO,02/01/2024,09:44:20,0.65,0.6,980520,0.65,301600,520,2813440
FINNIFTY02JAN2421850CE.NFO,02/01/2024,09:44:21,0.6,0.6,971840,0.65,302320,1400,2813440
FINNIFTY02JAN2421850CE.NFO,02/01/2024,09:44:23,0.65,0.6,972640,0.65,301120,1200,2813440
FINNIFTY02JAN2421850CE.NFO,02/01/2024,09:44:25,0.65,0.6,972160,0.65,297520,3600,2813440
FINNIFTY02JAN2421850CE.NFO,02/01/2024,09:44:26,0.65,0.6,967360,0.65,297520,0,2813440
FINNIFTY02JAN2421850CE.NFO,02/01/2024,09:44:28,0.65,0.6,966480,0.65,295920,1600,2923840
FINNIFTY02JAN2421850CE.NFO,02/01/2024,09:44:35,0.65,0.6,963400,0.65,293720,3280,2923840
FINNIFTY02JAN2421850CE.NFO,02/01/2024,09:44:45,0.6,0.6,964640,0.65,291960,1320,2923840
FINNIFTY02JAN2421850CE.NFO,02/01/2024,09:44:56,0.65,0.6,957680,0.65,384400,7560,2923840
FINNIFTY02JAN2421850CE.NFO,02/01/2024,09:45:07,0.6,0.6,941760,0.65,359440,29560,2923840
FINNIFTY02JAN2421850CE.NFO,02/01/2024,09:45:17,0.6,0.6,927720,0.65,356000,23160,2923840
FINNIFTY02JAN2421850CE.NFO,02/01/2024,09:45:28,0.65,0.6,929800,0.65,344640,18600,2923840
FINNIFTY02JAN2421850CE.NFO,02/01/2024,09:45:30,0.65,0.6,929680,0.65,344640,0,2923840
FINNIFTY02JAN2421850CE.NFO,02/01/2024,09:45:31,0.65,0.6,927520,0.65,395720,4720,2923840
FINNIFTY02JAN2421850CE.NFO,02/01/2024,09:45:33,0.6,0.6,924320,0.65,401240,4800,2923840
FINNIFTY02JAN2421850CE.NFO,02/01/2024,09:45:35,0.6,0.6,921600,0.65,396360,4320,2923840
FINNIFTY02JAN2421850CE.NFO,02/01/2024,09:45:36,0.6,0.6,917280,0.65,394680,3920,2923840
FINNIFTY02JAN2421850CE.NFO,02/01/2024,09:45:38,0.65,0.6,917280,0.65,393680,1000,2923840
FINNIFTY02JAN2421850CE.NFO,02/01/2024,09:45:40,0.6,0.6,917280,0.65,391680,1400,2923840
FINNIFTY02JAN2421850CE.NFO,02/01/2024,09:45:41,0.65,0.6,917440,0.65,360600,21600,2923840
FINNIFTY02JAN2421850CE.NFO,02/01/2024,09:45:43,0.65,0.6,917400,0.65,346080,14400,2923840
FINNIFTY02JAN2421850CE.NFO,02/01/2024,09:45:45,0.6,0.6,917200,0.65,349160,600,2923840
FINNIFTY02JAN2421850CE.NFO,02/01/2024,09:45:46,0.6,0.6,916520,0.65,349440,1000,2923840
FINNIFTY02JAN2421850CE.NFO,02/01/2024,09:45:48,0.65,0.6,915920,0.65,348200,1160,2923840
FINNIFTY02JAN2421850CE.NFO,02/01/2024,09:45:50,0.65,0.6,915720,0.65,348600,240,2923840
FINNIFTY02JAN2421850CE.NFO,02/01/2024,09:45:51,0.6,0.6,916120,0.65,349160,400,2923840
FINNIFTY02JAN2421850CE.NFO,02/01/2024,09:45:53,0.6,0.6,915920,0.65,346840,1400,2923840
FINNIFTY02JAN2421850CE.NFO,02/01/2024,09:45:55,0.65,0.6,916680,0.65,344680,1280,2923840
FINNIFTY02JAN2421850CE.NFO,02/01/2024,09:45:56,0.6,0.6,891840,0.65,344000,1840,2923840
FINNIFTY02JAN2421850CE.NFO,02/01/2024,09:45:58,0.6,0.6,875720,0.65,351120,2040,2923840
FINNIFTY02JAN2421850CE.NFO,02/01/2024,09:46:00,0.65,0.6,866800,0.65,350960,2360,2923840
FINNIFTY02JAN2421850CE.NFO,02/01/2024,09:46:01,0.65,0.6,869240,0.65,331960,15640,2923840
FINNIFTY02JAN2421850CE.NFO,02/01/2024,09:46:03,0.6,0.6,864880,0.65,335760,4920,2923840
FINNIFTY02JAN2421850CE.NFO,02/01/2024,09:46:05,0.65,0.6,865560,0.65,335880,2120,2923840
FINNIFTY02JAN2421850CE.NFO,02/01/2024,09:46:06,0.65,0.6,865920,0.65,334960,80,2923840
FINNIFTY02JAN2421850CE.NFO,02/01/2024,09:46:08,0.65,0.6,866360,0.65,334680,40,2923840
FINNIFTY02JAN2421850CE.NFO,02/01/2024,09:46:10,0.65,0.6,865800,0.65,333400,1440,2923840
FINNIFTY02JAN2421850CE.NFO,02/01/2024,09:46:11,0.65,0.6,865360,0.65,328000,640,2923840
FINNIFTY02JAN2421850CE.NFO,02/01/2024,09:46:13,0.6,0.6,861760,0.65,334400,5040,2923840
FINNIFTY02JAN2421850CE.NFO,02/01/2024,09:46:15,0.65,0.6,859360,0.65,332880,3720,2923840
FINNIFTY02JAN2421850CE.NFO,02/01/2024,09:46:16,0.65,0.6,859480,0.65,327280,5400,2923840
FINNIFTY02JAN2421850CE.NFO,02/01/2024,09:46:18,0.65,0.6,859480,0.65,325480,1480,2923840
FINNIFTY02JAN2421850CE.NFO,02/01/2024,09:46:20,0.65,0.6,858560,0.65,319000,120,2923840
FINNIFTY02JAN2421850CE.NFO,02/01/2024,09:46:21,0.65,0.6,858680,0.65,318840,40,2923840
FINNIFTY02JAN2421850CE.NFO,02/01/2024,09:46:23,0.65,0.6,847480,0.65,326400,120,2923840
FINNIFTY02JAN2421850CE.NFO,02/01/2024,09:46:25,0.65,0.6,847640,0.65,326520,80,2923840
FINNIFTY02JAN2421850CE.NFO,02/01/2024,09:46:26,0.65,0.6,847520,0.65,326440,80,2923840
FINNIFTY02JAN2421850CE.NFO,02/01/2024,09:46:28,0.65,0.6,847520,0.65,326120,120,2923840
FINNIFTY02JAN2421850CE.NFO,02/01/2024,09:46:30,0.6,0.6,847360,0.65,326240,960,2923840
FINNIFTY02JAN2421850CE.NFO,02/01/2024,09:46:31,0.65,0.6,848240,0.65,324600,160,2923840
FINNIFTY02JAN2421850CE.NFO,02/01/2024,09:46:33,0.65,0.6,850280,0.65,325360,560,2923840
FINNIFTY02JAN2421850CE.NFO,02/01/2024,09:46:35,0.65,0.6,850280,0.65,324560,200,2923840
FINNIFTY02JAN2421850CE.NFO,02/01/2024,09:46:36,0.65,0.6,850280,0.65,324200,160,2923840
FINNIFTY02JAN2421850CE.NFO,02/01/2024,09:46:38,0.65,0.6,849680,0.65,323560,360,2923840
FINNIFTY02JAN2421850CE.NFO,02/01/2024,09:46:39,0.65,0.6,846520,0.65,323760,3320,2923840
FINNIFTY02JAN2421850CE.NFO,02/01/2024,09:46:41,0.65,0.6,847240,0.65,323080,80,2923840
FINNIFTY02JAN2421850CE.NFO,02/01/2024,09:46:43,0.65,0.6,847240,0.65,322520,160,2923840
FINNIFTY02JAN2421850CE.NFO,02/01/2024,09:46:44,0.65,0.6,847240,0.65,297880,18880,2923840
FINNIFTY02JAN2421850CE.NFO,02/01/2024,09:46:46,0.65,0.6,847240,0.65,176920,1120,2923840
FINNIFTY02JAN2421850CE.NFO,02/01/2024,09:46:48,0.65,0.6,846400,0.65,154000,200,2923840
FINNIFTY02JAN2421850CE.NFO,02/01/2024,09:46:49,0.65,0.6,846360,0.65,153920,80,2923840
FINNIFTY02JAN2421850CE.NFO,02/01/2024,09:46:51,0.65,0.6,843720,0.65,154920,2760,2923840
FINNIFTY02JAN2421850CE.NFO,02/01/2024,09:46:53,0.6,0.6,841960,0.65,163600,1880,2923840
FINNIFTY02JAN2421850CE.NFO,02/01/2024,09:46:54,0.65,0.6,841320,0.65,154440,720,2923840
FINNIFTY02JAN2421850CE.NFO,02/01/2024,09:46:56,0.65,0.6,841360,0.65,154160,80,2923840
FINNIFTY02JAN2421850CE.NFO,02/01/2024,09:46:57,0.65,0.6,842240,0.65,152240,80,2923840
FINNIFTY02JAN2421850CE.NFO,02/01/2024,09:46:59,0.65,0.6,842200,0.65,151280,200,2923840
FINNIFTY02JAN2421850CE.NFO,02/01/2024,09:47:01,0.65,0.6,841360,0.65,147320,4520,2923840
FINNIFTY02JAN2421850CE.NFO,02/01/2024,09:47:02,0.65,0.6,840440,0.65,142640,3760,2923840
FINNIFTY02JAN2421850CE.NFO,02/01/2024,09:47:04,0.6,0.6,839960,0.65,149520,160,2923840
FINNIFTY02JAN2421850CE.NFO,02/01/2024,09:47:06,0.65,0.6,839160,0.65,151840,1400,2923840
FINNIFTY02JAN2421850CE.NFO,02/01/2024,09:47:07,0.65,0.6,837160,0.65,143160,6520,2923840
FINNIFTY02JAN2421850CE.NFO,02/01/2024,09:47:09,0.65,0.6,837160,0.65,134920,680,2923840
FINNIFTY02JAN2421850CE.NFO,02/01/2024,09:47:11,0.65,0.6,832800,0.65,98920,33680,2923840
FINNIFTY02JAN2421850CE.NFO,02/01/2024,09:47:12,0.6,0.6,830920,0.65,91600,1920,2923840
FINNIFTY02JAN2421850CE.NFO,02/01/2024,09:47:14,0.65,0.6,830120,0.65,89440,920,2923840
FINNIFTY02JAN2421850CE.NFO,02/01/2024,09:47:16,0.65,0.6,830640,0.65,91520,40,2923840
FINNIFTY02JAN2421850CE.NFO,02/01/2024,09:47:17,0.65,0.6,830640,0.65,89480,80,2923840
FINNIFTY02JAN2421850CE.NFO,02/01/2024,09:47:19,0.65,0.6,828800,0.65,88200,1880,2923840
FINNIFTY02JAN2421850CE.NFO,02/01/2024,09:47:21,0.6,0.6,823480,0.65,91840,5320,2923840
FINNIFTY02JAN2421850CE.NFO,02/01/2024,09:47:22,0.65,0.6,823160,0.65,107640,560,2923840
FINNIFTY02JAN2421850CE.NFO,02/01/2024,09:47:24,0.65,0.6,823120,0.65,121120,40,2923840
FINNIFTY02JAN2421850CE.NFO,02/01/2024,09:47:27,0.65,0.6,823800,0.65,121840,0,2923840
FINNIFTY02JAN2421850CE.NFO,02/01/2024,09:47:29,0.65,0.6,821920,0.65,121320,1920,3015480
FINNIFTY02JAN2421850CE.NFO,02/01/2024,09:47:30,0.65,0.6,821960,0.65,121120,0,3015480
FINNIFTY02JAN2421850CE.NFO,02/01/2024,09:47:32,0.65,0.6,821440,0.65,120560,560,3015480
FINNIFTY02JAN2421850CE.NFO,02/01/2024,09:47:33,0.65,0.6,821440,0.65,119240,120,3015480
FINNIFTY02JAN2421850CE.NFO,02/01/2024,09:47:35,0.65,0.6,819560,0.65,104360,11840,3015480
FINNIFTY02JAN2421850CE.NFO,02/01/2024,09:47:37,0.65,0.6,820440,0.65,103480,0,3015480
FINNIFTY02JAN2421850CE.NFO,02/01/2024,09:47:38,0.65,0.6,820400,0.65,97280,320,3015480
FINNIFTY02JAN2421850CE.NFO,02/01/2024,09:47:40,0.65,0.6,820400,0.65,98920,0,3015480
FINNIFTY02JAN2421850CE.NFO,02/01/2024,09:47:42,0.65,0.6,820400,0.65,99080,80,3015480
FINNIFTY02JAN2421850CE.NFO,02/01/2024,09:47:43,0.65,0.6,820600,0.65,97160,520,3015480
FINNIFTY02JAN2421850CE.NFO,02/01/2024,09:47:45,0.65,0.6,820000,0.65,97360,0,3015480
FINNIFTY02JAN2421850CE.NFO,02/01/2024,09:47:46,0.65,0.6,820040,0.65,125160,40,3015480
FINNIFTY02JAN2421850CE.NFO,02/01/2024,09:47:48,0.6,0.6,818000,0.65,132560,2080,3015480
FINNIFTY02JAN2421850CE.NFO,02/01/2024,09:47:50,0.6,0.6,817960,0.65,143360,40,3015480
FINNIFTY02JAN2421850CE.NFO,02/01/2024,09:47:51,0.65,0.6,817960,0.65,167000,4800,3015480
FINNIFTY02JAN2421850CE.NFO,02/01/2024,09:47:53,0.65,0.6,817960,0.65,162800,7760,3015480
FINNIFTY02JAN2421850CE.NFO,02/01/2024,09:47:55,0.65,0.6,817280,0.65,154240,6480,3015480
FINNIFTY02JAN2421850CE.NFO,02/01/2024,09:47:56,0.65,0.6,817280,0.65,142120,3240,3015480
FINNIFTY02JAN2421850CE.NFO,02/01/2024,09:47:58,0.65,0.6,817280,0.65,142120,0,3015480
FINNIFTY02JAN2421850CE.NFO,02/01/2024,09:48:00,0.65,0.6,817280,0.65,140400,280,3015480
FINNIFTY02JAN2421850CE.NFO,02/01/2024,09:48:01,0.65,0.6,817240,0.65,126160,15560,3015480
FINNIFTY02JAN2421850CE.NFO,02/01/2024,09:48:03,0.6,0.6,818200,0.65,133760,1240,3015480
FINNIFTY02JAN2421850CE.NFO,02/01/2024,09:48:04,0.6,0.6,818120,0.65,135160,320,3015480
FINNIFTY02JAN2421850CE.NFO,02/01/2024,09:48:08,0.6,0.6,818120,0.65,135760,0,3015480
FINNIFTY02JAN2421850CE.NFO,02/01/2024,09:48:09,0.65,0.6,818320,0.65,129040,2360,3015480
FINNIFTY02JAN2421850CE.NFO,02/01/2024,09:48:11,0.65,0.6,820120,0.65,130440,0,3015480
FINNIFTY02JAN2421850CE.NFO,02/01/2024,09:48:14,0.65,0.6,826920,0.65,130760,0,3015480
FINNIFTY02JAN2421850CE.NFO,02/01/2024,09:48:16,0.65,0.6,826920,0.65,130520,0,3015480
FINNIFTY02JAN2421850CE.NFO,02/01/2024,09:48:17,0.65,0.6,830520,0.65,130520,0,3015480
FINNIFTY02JAN2421850CE.NFO,02/01/2024,09:48:19,0.65,0.6,991680,0.65,129240,0,3015480
FINNIFTY02JAN2421850CE.NFO,02/01/2024,09:48:21,0.65,0.6,992080,0.65,130360,0,3015480
FINNIFTY02JAN2421850CE.NFO,02/01/2024,09:48:22,0.65,0.6,991280,0.65,128280,800,3015480
FINNIFTY02JAN2421850CE.NFO,02/01/2024,09:48:24,0.65,0.6,991280,0.65,98040,0,3015480
FINNIFTY02JAN2421850CE.NFO,02/01/2024,09:48:26,0.65,0.6,991280,0.65,199320,0,3015480
FINNIFTY02JAN2421850CE.NFO,02/01/2024,09:48:27,0.6,0.6,991120,0.65,203840,160,3015480
FINNIFTY02JAN2421850CE.NFO,02/01/2024,09:48:29,0.65,0.6,991120,0.65,201080,40,3015480
FINNIFTY02JAN2421850CE.NFO,02/01/2024,09:48:31,0.6,0.6,990640,0.65,211480,480,3015480
FINNIFTY02JAN2421850CE.NFO,02/01/2024,09:48:32,0.65,0.6,995640,0.65,211040,440,3015480
FINNIFTY02JAN2421850CE.NFO,02/01/2024,09:48:34,0.65,0.6,995640,0.65,211280,0,3015480
FINNIFTY02JAN2421850CE.NFO,02/01/2024,09:48:35,0.65,0.6,995680,0.65,242680,240,3015480
FINNIFTY02JAN2421850CE.NFO,02/01/2024,09:48:37,0.65,0.6,995560,0.65,238720,2640,3015480
FINNIFTY02JAN2421850CE.NFO,02/01/2024,09:48:39,0.65,0.6,995560,0.65,240120,0,3015480
FINNIFTY02JAN2421850CE.NFO,02/01/2024,09:48:40,0.6,0.6,994000,0.65,241640,1520,3015480
FINNIFTY02JAN2421850CE.NFO,02/01/2024,09:48:42,0.65,0.6,994600,0.65,239560,1920,3015480
FINNIFTY02JAN2421850CE.NFO,02/01/2024,09:48:43,0.65,0.6,994600,0.65,227000,600,3015480
FINNIFTY02JAN2421850CE.NFO,02/01/2024,09:48:45,0.65,0.6,994600,0.65,226680,0,3015480
FINNIFTY02JAN2421850CE.NFO,02/01/2024,09:48:47,0.65,0.6,994600,0.65,230120,0,3015480
FINNIFTY02JAN2421850CE.NFO,02/01/2024,09:48:50,0.6,0.6,994520,0.65,230040,80,3015480
FINNIFTY02JAN2421850CE.NFO,02/01/2024,09:48:51,0.6,0.6,994160,0.65,230040,360,3015480
FINNIFTY02JAN2421850CE.NFO,02/01/2024,09:48:55,0.6,0.6,997720,0.65,239800,1440,3015480
FINNIFTY02JAN2421850CE.NFO,02/01/2024,09:48:56,0.65,0.6,997720,0.65,222960,3640,3015480
FINNIFTY02JAN2421850CE.NFO,02/01/2024,09:48:58,0.65,0.6,997720,0.65,214760,8600,3015480
FINNIFTY02JAN2421850CE.NFO,02/01/2024,09:48:59,0.65,0.6,997760,0.65,196760,18000,3015480
FINNIFTY02JAN2421850CE.NFO,02/01/2024,09:49:01,0.6,0.6,997440,0.65,198440,2720,3015480
FINNIFTY02JAN2421850CE.NFO,02/01/2024,09:49:02,0.65,0.6,997440,0.65,197480,4080,3015480
FINNIFTY02JAN2421850CE.NFO,02/01/2024,09:49:04,0.65,0.6,997400,0.65,197480,0,3015480
FINNIFTY02JAN2421850CE.NFO,02/01/2024,09:49:06,0.6,0.6,997360,0.65,198520,40,3015480
FINNIFTY02JAN2421850CE.NFO,02/01/2024,09:49:07,0.65,0.6,997360,0.65,193840,520,3015480
FINNIFTY02JAN2421850CE.NFO,02/01/2024,09:49:09,0.6,0.6,997320,0.65,197880,40,3015480
FINNIFTY02JAN2421850CE.NFO,02/01/2024,09:49:12,0.65,0.6,997320,0.65,195720,3800,3015480
FINNIFTY02JAN2421850CE.NFO,02/01/2024,09:49:14,0.65,0.6,997320,0.65,189440,1800,3015480
FINNIFTY02JAN2421850CE.NFO,02/01/2024,09:49:15,0.65,0.6,997320,0.65,189160,1320,3015480
FINNIFTY02JAN2421850CE.NFO,02/01/2024,09:49:17,0.65,0.6,997320,0.65,188920,0,3015480
FINNIFTY02JAN2421850CE.NFO,02/01/2024,09:49:19,0.6,0.6,997040,0.65,191920,280,3015480
FINNIFTY02JAN2421850CE.NFO,02/01/2024,09:49:20,0.65,0.6,997040,0.65,189960,1800,3015480
FINNIFTY02JAN2421850CE.NFO,02/01/2024,09:49:22,0.65,0.6,997040,0.65,182240,3600,3015480
FINNIFTY02JAN2421850CE.NFO,02/01/2024,09:49:24,0.65,0.6,997040,0.65,179520,1800,3015480
FINNIFTY02JAN2421850CE.NFO,02/01/2024,09:49:27,0.65,0.6,996840,0.65,185320,240,3015480
FINNIFTY02JAN2421850CE.NFO,02/01/2024,09:49:28,0.65,0.6,996840,0.65,181160,120,3015480
FINNIFTY02JAN2421850CE.NFO,02/01/2024,09:49:32,0.6,0.6,994400,0.65,195120,2040,3015480
FINNIFTY02JAN2421850CE.NFO,02/01/2024,09:49:33,0.6,0.6,994360,0.65,196920,40,3015480
FINNIFTY02JAN2421850CE.NFO,02/01/2024,09:49:35,0.6,0.6,993960,0.65,197480,600,3015480
FINNIFTY02JAN2421850CE.NFO,02/01/2024,09:49:36,0.65,0.6,993000,0.65,173600,10760,3015480
FINNIFTY02JAN2421850CE.NFO,02/01/2024,09:49:40,0.65,0.6,991600,0.65,175720,40,3015480
FINNIFTY02JAN2421850CE.NFO,02/01/2024,09:49:41,0.65,0.6,993720,0.65,155760,18080,3015480
FINNIFTY02JAN2421850CE.NFO,02/01/2024,09:49:43,0.65,0.6,993720,0.65,155960,0,3015480
FINNIFTY02JAN2421850CE.NFO,02/01/2024,09:49:44,0.6,0.6,991960,0.65,160480,1800,3015480
FINNIFTY02JAN2421850CE.NFO,02/01/2024,09:49:46,0.6,0.6,991920,0.65,160480,0,3015480
FINNIFTY02JAN2421850CE.NFO,02/01/2024,09:49:48,0.6,0.6,991920,0.65,165920,0,3015480
FINNIFTY02JAN2421850CE.NFO,02/01/2024,09:49:49,0.65,0.6,993560,0.65,166200,440,3015480
FINNIFTY02JAN2421850CE.NFO,02/01/2024,09:49:51,0.65,0.6,993160,0.65,164400,1800,3015480
FINNIFTY02JAN2421850CE.NFO,02/01/2024,09:49:53,0.6,0.6,994360,0.65,167320,160,3015480
FINNIFTY02JAN2421850CE.NFO,02/01/2024,09:49:54,0.6,0.6,994280,0.65,167320,80,3015480
FINNIFTY02JAN2421850CE.NFO,02/01/2024,09:49:56,0.6,0.6,992880,0.65,167320,0,3015480
FINNIFTY02JAN2421850CE.NFO,02/01/2024,09:49:58,0.65,0.6,979280,0.65,167240,160,3015480
FINNIFTY02JAN2421850CE.NFO,02/01/2024,09:49:59,0.6,0.6,979080,0.65,175640,200,3015480
FINNIFTY02JAN2421850CE.NFO,02/01/2024,09:50:01,0.65,0.6,982400,0.65,143400,17200,3015480
FINNIFTY02JAN2421850CE.NFO,02/01/2024,09:50:03,0.65,0.6,977520,0.65,134480,9120,3015480
FINNIFTY02JAN2421850CE.NFO,02/01/2024,09:50:04,0.65,0.6,964600,0.65,61840,72280,3015480
FINNIFTY02JAN2421850CE.NFO,02/01/2024,09:50:06,0.65,0.65,115160,0.7,136160,72440,3015480
FINNIFTY02JAN2421850CE.NFO,02/01/2024,09:50:08,0.65,0.65,144120,0.7,135760,2040,3015480
FINNIFTY02JAN2421850CE.NFO,02/01/2024,09:50:09,0.65,0.65,144120,0.7,153760,0,3015480
FINNIFTY02JAN2421850CE.NFO,02/01/2024,09:50:12,0.65,0.65,155720,0.7,163560,21400,3015480
FINNIFTY02JAN2421850CE.NFO,02/01/2024,09:50:14,0.65,0.6,946800,0.65,505920,91240,3015480
FINNIFTY02JAN2421850CE.NFO,02/01/2024,09:50:16,0.65,0.6,951400,0.65,513560,0,3015480
FINNIFTY02JAN2421850CE.NFO,02/01/2024,09:50:17,0.65,0.6,952920,0.65,525760,1600,3015480
FINNIFTY02JAN2421850CE.NFO,02/01/2024,09:50:19,0.65,0.6,952920,0.65,544320,1400,3015480
FINNIFTY02JAN2421850CE.NFO,02/01/2024,09:50:21,0.65,0.6,964240,0.65,546040,16200,3015480
FINNIFTY02JAN2421850CE.NFO,02/01/2024,09:50:22,0.65,0.6,965400,0.65,555400,3600,3015480
FINNIFTY02JAN2421850CE.NFO,02/01/2024,09:50:24,0.65,0.6,966080,0.65,556040,1800,3015480
FINNIFTY02JAN2421850CE.NFO,02/01/2024,09:50:26,0.6,0.6,965280,0.65,561160,800,3060720
FINNIFTY02JAN2421850CE.NFO,02/01/2024,09:50:27,0.6,0.6,964680,0.65,561160,600,3060720
FINNIFTY02JAN2421850CE.NFO,02/01/2024,09:50:29,0.6,0.6,964680,0.65,561320,0,3060720
FINNIFTY02JAN2421850CE.NFO,02/01/2024,09:50:31,0.6,0.6,964720,0.65,565360,0,3060720
FINNIFTY02JAN2421850CE.NFO,02/01/2024,09:50:33,0.65,0.6,964360,0.65,574160,1800,3060720
FINNIFTY02JAN2421850CE.NFO,02/01/2024,09:50:34,0.65,0.6,967120,0.65,597160,0,3060720
FINNIFTY02JAN2421850CE.NFO,02/01/2024,09:50:36,0.6,0.6,967920,0.65,604440,40,3060720
FINNIFTY02JAN2421850CE.NFO,02/01/2024,09:50:38,0.65,0.6,969360,0.65,603160,1440,3060720
FINNIFTY02JAN2421850CE.NFO,02/01/2024,09:50:39,0.65,0.6,971680,0.65,604000,0,3060720
FINNIFTY02JAN2421850CE.NFO,02/01/2024,09:50:41,0.6,0.6,972960,0.65,604120,1000,3060720
FINNIFTY02JAN2421850CE.NFO,02/01/2024,09:50:42,0.6,0.6,974480,0.65,604120,0,3060720
FINNIFTY02JAN2421850CE.NFO,02/01/2024,09:50:44,0.65,0.6,974480,0.65,603240,880,3060720
FINNIFTY02JAN2421850CE.NFO,02/01/2024,09:50:46,0.65,0.6,974240,0.65,602360,880,3060720
FINNIFTY02JAN2421850CE.NFO,02/01/2024,09:50:47,0.65,0.6,976400,0.65,596920,7760,3060720
FINNIFTY02JAN2421850CE.NFO,02/01/2024,09:50:49,0.65,0.6,986960,0.65,591240,21520,3060720
FINNIFTY02JAN2421850CE.NFO,02/01/2024,09:50:51,0.65,0.6,986400,0.65,592160,1000,3060720
FINNIFTY02JAN2421850CE.NFO,02/01/2024,09:50:52,0.65,0.6,986800,0.65,592240,960,3060720
FINNIFTY02JAN2421850CE.NFO,02/01/2024,09:50:54,0.65,0.6,986840,0.65,591800,880,3060720
FINNIFTY02JAN2421850CE.NFO,02/01/2024,09:50:56,0.6,0.6,986560,0.65,592320,200,3060720
FINNIFTY02JAN2421850CE.NFO,02/01/2024,09:50:57,0.6,0.6,989760,0.65,593000,0,3060720
FINNIFTY02JAN2421850CE.NFO,02/01/2024,09:50:59,0.65,0.6,989760,0.65,587680,80,3060720
FINNIFTY02JAN2421850CE.NFO,02/01/2024,09:51:00,0.65,0.6,990040,0.65,558160,1880,3060720
FINNIFTY02JAN2421850CE.NFO,02/01/2024,09:51:02,0.65,0.6,990200,0.65,552000,5720,3060720
FINNIFTY02JAN2421850CE.NFO,02/01/2024,09:51:04,0.65,0.6,991320,0.65,548560,4960,3060720
FINNIFTY02JAN2421850CE.NFO,02/01/2024,09:51:05,0.65,0.6,991320,0.65,546080,2280,3060720
FINNIFTY02JAN2421850CE.NFO,02/01/2024,09:51:07,0.6,0.6,995480,0.65,545240,640,3060720
FINNIFTY02JAN2421850CE.NFO,02/01/2024,09:51:08,0.6,0.6,995640,0.65,544400,2160,3060720
FINNIFTY02JAN2421850CE.NFO,02/01/2024,09:51:10,0.6,0.6,1000880,0.65,546000,360,3060720
FINNIFTY02JAN2421850CE.NFO,02/01/2024,09:51:12,0.6,0.6,1003800,0.65,556200,1200,3060720
FINNIFTY02JAN2421850CE.NFO,02/01/2024,09:51:13,0.65,0.6,1004720,0.65,556120,80,3060720
FINNIFTY02JAN2421850CE.NFO,02/01/2024,09:51:15,0.65,0.6,1008160,0.65,556160,0,3060720
FINNIFTY02JAN2421850CE.NFO,02/01/2024,09:51:17,0.65,0.6,1009760,0.65,555200,960,3060720
FINNIFTY02JAN2421850CE.NFO,02/01/2024,09:51:20,0.65,0.6,1010240,0.65,554360,880,3060720
FINNIFTY02JAN2421850CE.NFO,02/01/2024,09:51:22,0.65,0.6,1010360,0.65,554360,0,3060720
FINNIFTY02JAN2421850CE.NFO,02/01/2024,09:51:25,0.65,0.6,1010360,0.65,542400,2080,3060720
FINNIFTY02JAN2421850CE.NFO,02/01/2024,09:51:27,0.65,0.6,1025360,0.65,542840,0,3060720
FINNIFTY02JAN2421850CE.NFO,02/01/2024,09:51:28,0.6,0.6,1024240,0.65,544160,1120,3060720
FINNIFTY02JAN2421850CE.NFO,02/01/2024,09:51:35,0.65,0.6,1024240,0.65,586040,2960,3060720
FINNIFTY02JAN2421850CE.NFO,02/01/2024,09:51:46,0.65,0.6,1007640,0.65,547280,4200,3060720
FINNIFTY02JAN2421850CE.NFO,02/01/2024,09:51:57,0.65,0.6,1007640,0.65,536720,2000,3060720
FINNIFTY02JAN2421850CE.NFO,02/01/2024,09:52:07,0.6,0.6,1003960,0.65,540560,5360,3060720
FINNIFTY02JAN2421850CE.NFO,02/01/2024,09:52:17,0.65,0.6,1001800,0.65,563280,4280,3060720
FINNIFTY02JAN2421850CE.NFO,02/01/2024,09:52:27,0.6,0.6,995440,0.65,575200,840,3060720
FINNIFTY02JAN2421850CE.NFO,02/01/2024,09:52:37,0.6,0.6,979840,0.65,576320,16880,3060720
FINNIFTY02JAN2421850CE.NFO,02/01/2024,09:52:48,0.65,0.6,988200,0.65,579480,18720,3060720
FINNIFTY02JAN2421850CE.NFO,02/01/2024,09:52:58,0.65,0.6,988480,0.65,577400,2120,3060720
FINNIFTY02JAN2421850CE.NFO,02/01/2024,09:53:08,0.65,0.6,987480,0.65,571120,7120,3060720
FINNIFTY02JAN2421850CE.NFO,02/01/2024,09:53:18,0.6,0.6,985800,0.65,561920,3640,3060720
FINNIFTY02JAN2421850CE.NFO,02/01/2024,09:53:29,0.6,0.6,985320,0.65,565760,1040,3112000
FINNIFTY02JAN2421850CE.NFO,02/01/2024,09:53:40,0.65,0.6,985600,0.65,564560,200,3112000
FINNIFTY02JAN2421850CE.NFO,02/01/2024,09:53:50,0.65,0.6,986720,0.65,563320,1240,3112000
FINNIFTY02JAN2421850CE.NFO,02/01/2024,09:54:00,0.65,0.6,986760,0.65,562600,920,3112000
FINNIFTY02JAN2421850CE.NFO,02/01/2024,09:54:10,0.65,0.6,986240,0.65,558680,4560,3112000
FINNIFTY02JAN2421850CE.NFO,02/01/2024,09:54:21,0.6,0.6,982560,0.65,560560,1560,3112000
FINNIFTY02JAN2421850CE.NFO,02/01/2024,09:54:31,0.65,0.6,981880,0.65,562400,360,3112000
FINNIFTY02JAN2421850CE.NFO,02/01/2024,09:54:42,0.65,0.6,979120,0.65,557080,5000,3112000
FINNIFTY02JAN2421850CE.NFO,02/01/2024,09:54:54,0.65,0.6,971480,0.65,473000,82640,3112000
FINNIFTY02JAN2421850CE.NFO,02/01/2024,09:55:06,0.65,0.6,947160,0.65,467120,36920,3112000
FINNIFTY02JAN2421850CE.NFO,02/01/2024,09:55:18,0.65,0.6,940440,0.65,405640,59560,3112000
FINNIFTY02JAN2421850CE.NFO,02/01/2024,09:55:29,0.65,0.6,929920,0.65,319640,98280,3112000
FINNIFTY02JAN2421850CE.NFO,02/01/2024,09:55:31,0.65,0.6,929600,0.65,319120,40,3112000
FINNIFTY02JAN2421850CE.NFO,02/01/2024,09:55:33,0.6,0.6,929680,0.65,316640,2040,3112000
FINNIFTY02JAN2421850CE.NFO,02/01/2024,09:55:35,0.6,0.6,927360,0.65,318240,3000,3112000
FINNIFTY02JAN2421850CE.NFO,02/01/2024,09:55:36,0.65,0.6,927400,0.65,314640,4200,3112000
FINNIFTY02JAN2421850CE.NFO,02/01/2024,09:55:38,0.65,0.6,926960,0.65,318920,1920,3112000
FINNIFTY02JAN2421850CE.NFO,02/01/2024,09:55:40,0.6,0.6,935160,0.65,318920,1840,3112000
FINNIFTY02JAN2421850CE.NFO,02/01/2024,09:55:41,0.6,0.6,933040,0.65,330640,2080,3112000
FINNIFTY02JAN2421850CE.NFO,02/01/2024,09:55:43,0.6,0.6,941400,0.65,327040,5440,3112000
FINNIFTY02JAN2421850CE.NFO,02/01/2024,09:55:45,0.65,0.6,945600,0.65,319840,7240,3112000
FINNIFTY02JAN2421850CE.NFO,02/01/2024,09:55:46,0.65,0.6,948400,0.65,313800,5240,3112000
FINNIFTY02JAN2421850CE.NFO,02/01/2024,09:55:48,0.6,0.6,958360,0.65,314600,5960,3112000
FINNIFTY02JAN2421850CE.NFO,02/01/2024,09:55:49,0.6,0.6,942840,0.65,316320,19320,3112000
FINNIFTY02JAN2421850CE.NFO,02/01/2024,09:55:51,0.65,0.6,942680,0.65,311160,12480,3112000
FINNIFTY02JAN2421850CE.NFO,02/01/2024,09:55:53,0.65,0.6,949880,0.65,259240,38760,3112000
FINNIFTY02JAN2421850CE.NFO,02/01/2024,09:55:54,0.6,0.6,943280,0.65,268640,14160,3112000
FINNIFTY02JAN2421850CE.NFO,02/01/2024,09:55:56,0.6,0.6,942880,0.65,271240,5280,3112000
FINNIFTY02JAN2421850CE.NFO,02/01/2024,09:55:58,0.65,0.6,938840,0.65,260080,9840,3112000
FINNIFTY02JAN2421850CE.NFO,02/01/2024,09:56:00,0.65,0.6,940120,0.65,239520,25160,3112000
FINNIFTY02JAN2421850CE.NFO,02/01/2024,09:56:01,0.65,0.6,936280,0.65,204200,31720,3112000
FINNIFTY02JAN2421850CE.NFO,02/01/2024,09:56:03,0.65,0.6,938680,0.65,160840,43760,3112000
FINNIFTY02JAN2421850CE.NFO,02/01/2024,09:56:05,0.65,0.6,935240,0.65,142840,21840,3112000
FINNIFTY02JAN2421850CE.NFO,02/01/2024,09:56:06,0.65,0.6,921040,0.65,51240,90520,3112000
FINNIFTY02JAN2421850CE.NFO,02/01/2024,09:56:08,0.65,0.6,918920,0.65,33800,46840,3112000
FINNIFTY02JAN2421850CE.NFO,02/01/2024,09:56:10,0.65,0.65,104400,0.7,190480,43200,3112000
FINNIFTY02JAN2421850CE.NFO,02/01/2024,09:56:11,0.7,0.65,104200,0.7,200000,2200,3112000
FINNIFTY02JAN2421850CE.NFO,02/01/2024,09:56:13,0.65,0.65,114000,0.7,200760,12280,3112000
FINNIFTY02JAN2421850CE.NFO,02/01/2024,09:56:15,0.65,0.65,111320,0.7,209200,21200,3112000
FINNIFTY02JAN2421850CE.NFO,02/01/2024,09:56:16,0.65,0.65,116880,0.7,209800,2800,3112000
FINNIFTY02JAN2421850CE.NFO,02/01/2024,09:56:18,0.7,0.65,120400,0.7,207800,1800,3112000
FINNIFTY02JAN2421850CE.NFO,02/01/2024,09:56:20,0.65,0.65,118480,0.7,208200,320,3112000
FINNIFTY02JAN2421850CE.NFO,02/01/2024,09:56:21,0.7,0.65,114880,0.7,214920,5040,3112000
FINNIFTY02JAN2421850CE.NFO,02/01/2024,09:56:23,0.65,0.65,121240,0.7,214640,3200,3112000
FINNIFTY02JAN2421850CE.NFO,02/01/2024,09:56:25,0.7,0.65,389040,0.7,206880,560,3112000
FINNIFTY02JAN2421850CE.NFO,02/01/2024,09:56:26,0.7,0.65,386720,0.7,200280,7840,3112000
FINNIFTY02JAN2421850CE.NFO,02/01/2024,09:56:28,0.65,0.65,413160,0.7,200600,13240,3077720
FINNIFTY02JAN2421850CE.NFO,02/01/2024,09:56:30,0.7,0.65,410680,0.7,202240,2640,3077720
FINNIFTY02JAN2421850CE.NFO,02/01/2024,09:56:31,0.7,0.65,411520,0.7,198880,1800,3077720
FINNIFTY02JAN2421850CE.NFO,02/01/2024,09:56:32,0.7,0.65,411280,0.7,195400,4360,3077720
FINNIFTY02JAN2421850CE.NFO,02/01/2024,09:56:34,0.7,0.65,411640,0.7,191000,4000,3077720
FINNIFTY02JAN2421850CE.NFO,02/01/2024,09:56:36,0.7,0.65,411640,0.7,175000,5240,3077720
FINNIFTY02JAN2421850CE.NFO,02/01/2024,09:56:37,0.65,0.65,426000,0.7,171040,4080,3077720
FINNIFTY02JAN2421850CE.NFO,02/01/2024,09:56:39,0.65,0.65,429320,0.7,142760,29880,3077720
FINNIFTY02JAN2421850CE.NFO,02/01/2024,09:56:41,0.7,0.65,430280,0.7,143720,200,3077720
FINNIFTY02JAN2421850CE.NFO,02/01/2024,09:56:42,0.7,0.65,430280,0.7,145360,320,3077720
FINNIFTY02JAN2421850CE.NFO,02/01/2024,09:56:44,0.7,0.65,429680,0.7,141880,4000,3077720
FINNIFTY02JAN2421850CE.NFO,02/01/2024,09:56:46,0.7,0.65,387800,0.7,18360,94240,3077720
FINNIFTY02JAN2421850CE.NFO,02/01/2024,09:56:47,0.7,0.7,371880,0.75,96720,9080,3077720
FINNIFTY02JAN2421850CE.NFO,02/01/2024,09:56:49,0.7,0.7,373200,0.75,100400,560,3077720
FINNIFTY02JAN2421850CE.NFO,02/01/2024,09:56:51,0.7,0.7,373080,0.75,119880,120,3077720
FINNIFTY02JAN2421850CE.NFO,02/01/2024,09:56:52,0.7,0.7,360240,0.75,119000,13920,3077720
FINNIFTY02JAN2421850CE.NFO,02/01/2024,09:56:54,0.7,0.7,356400,0.75,129040,15440,3077720
FINNIFTY02JAN2421850CE.NFO,02/01/2024,09:56:56,0.75,0.7,357400,0.75,123680,14880,3077720
