Ticker,Date,Time,LTP,BuyPrice,BuyQty,SellPrice,SellQty,LTQ,OpenInterest
FINNIFTY02JAN2420300CE.NFO,02/01/2024,10:12:48,1060,1048.85,320,1059.5,120,200,3720
FINNIFTY02JAN2420300CE.NFO,02/01/2024,10:12:48,1060,1048.85,320,1059.5,120,0,3720
FINNIFTY02JAN2420300CE.NFO,02/01/2024,10:12:48,1060,1048.85,320,1059.5,120,0,3720
FINNIFTY02JAN2420300CE.NFO,02/01/2024,10:12:48,1060,1048.85,320,1059.5,120,0,3720
FINNIFTY02JAN2420300CE.NFO,02/01/2024,10:13:00,1060,1050.65,200,1058.95,200,0,3720
FINNIFTY02JAN2420300CE.NFO,02/01/2024,10:13:10,1060,1053.55,80,1059.5,120,0,3720
FINNIFTY02JAN2420300CE.NFO,02/01/2024,10:13:21,1060,1048.45,80,1057.8,200,0,3720
FINNIFTY02JAN2420300CE.NFO,02/01/2024,10:13:31,1060,1052.6,200,1057.25,40,0,3720
FINNIFTY02JAN2420300CE.NFO,02/01/2024,10:13:32,1060,1052.5,80,1065.55,200,0,3720
FINNIFTY02JAN2420300CE.NFO,02/01/2024,10:13:34,1060,1050.15,80,1057.9,200,0,3720
FINNIFTY02JAN2420300CE.NFO,02/01/2024,10:13:36,1060,1050.85,320,1056.3,160,0,3720
FINNIFTY02JAN2420300CE.NFO,02/01/2024,10:13:37,1060,1052.6,120,1062.95,40,0,3720
FINNIFTY02JAN2420300CE.NFO,02/01/2024,10:13:39,1060,1054.15,40,1061.6,40,0,3720
FINNIFTY02JAN2420300CE.NFO,02/01/2024,10:13:41,1060,1055.7,40,1060.45,240,0,3720
FINNIFTY02JAN2420300CE.NFO,02/01/2024,10:13:42,1060,1055.6,200,1060.4,200,0,3720
FINNIFTY02JAN2420300CE.NFO,02/01/2024,10:13:44,1060,1054.3,600,1059.5,360,0,3720
FINNIFTY02JAN2420300CE.NFO,02/01/2024,10:13:46,1060,1051.85,280,1059.35,160,0,3720
FINNIFTY02JAN2420300CE.NFO,02/01/2024,10:13:47,1060,1051.9,200,1058.05,280,0,3720
FINNIFTY02JAN2420300CE.NFO,02/01/2024,10:13:49,1060,1053.7,80,1060.75,80,0,3720
FINNIFTY02JAN2420300CE.NFO,02/01/2024,10:13:51,1060,1054.95,200,1059.8,120,0,3720
FINNIFTY02JAN2420300CE.NFO,02/01/2024,10:13:52,1060,1054.45,80,1059.2,1000,0,3720
FINNIFTY02JAN2420300CE.NFO,02/01/2024,10:13:54,1060,1053.85,200,1058.6,80,0,3720
FINNIFTY02JAN2420300CE.NFO,02/01/2024,10:13:56,1060,1053.3,80,1058.7,360,0,3720
FINNIFTY02JAN2420300CE.NFO,02/01/2024,10:13:57,1060,1054.75,80,1061.95,40,0,3720
FINNIFTY02JAN2420300CE.NFO,02/01/2024,10:13:59,1060,1053.8,120,1059.85,160,0,3720
FINNIFTY02JAN2420300CE.NFO,02/01/2024,10:14:01,1060,1054.7,320,1080.1,120,0,3720
FINNIFTY02JAN2420300CE.NFO,02/01/2024,10:14:02,1060,1056.5,120,1066.2,200,0,3720
FINNIFTY02JAN2420300CE.NFO,02/01/2024,10:14:04,1060,1058.7,120,1065.8,80,0,3720
FINNIFTY02JAN2420300CE.NFO,02/01/2024,10:14:06,1060,1058.6,160,1064.25,120,0,3720
FINNIFTY02JAN2420300CE.NFO,02/01/2024,10:14:07,1060,1059.7,120,1066.55,160,0,3720
FINNIFTY02JAN2420300CE.NFO,02/01/2024,10:14:09,1060,1060.7,240,1066.2,200,0,3720
FINNIFTY02JAN2420300CE.NFO,02/01/2024,10:14:11,1060,1060.95,120,1066.4,480,0,3720
FINNIFTY02JAN2420300CE.NFO,02/01/2024,10:14:12,1060,1059.9,120,1064.85,80,0,3720
FINNIFTY02JAN2420300CE.NFO,02/01/2024,10:14:14,1060,1059.35,160,1066.3,1160,0,3720
FINNIFTY02JAN2420300CE.NFO,02/01/2024,10:14:16,1060,1059.8,80,1065.1,80,0,3720
FINNIFTY02JAN2420300CE.NFO,02/01/2024,10:14:17,1060,1059.8,200,1064.55,160,0,3720
FINNIFTY02JAN2420300CE.NFO,02/01/2024,10:14:19,1060,1059.45,80,1066.4,120,0,3720
FINNIFTY02JAN2420300CE.NFO,02/01/2024,10:14:21,1060,1059.9,120,1066,120,0,3720
FINNIFTY02JAN2420300CE.NFO,02/01/2024,10:14:22,1060,1058.95,80,1063.45,80,0,3720
FINNIFTY02JAN2420300CE.NFO,02/01/2024,10:14:24,1060,1058.7,320,1063.2,360,0,3720
FINNIFTY02JAN2420300CE.NFO,02/01/2024,10:14:25,1060,1058.15,120,1063.25,120,0,3720
FINNIFTY02JAN2420300CE.NFO,02/01/2024,10:14:27,1060,1059.8,40,1064.4,480,0,3720
FINNIFTY02JAN2420300CE.NFO,02/01/2024,10:14:29,1060,1060.05,80,1070.8,40,0,3720
FINNIFTY02JAN2420300CE.NFO,02/01/2024,10:14:30,1060,1060.85,120,1067.85,80,0,3720
FINNIFTY02JAN2420300CE.NFO,02/01/2024,10:14:32,1060,1061.65,200,1066.45,200,0,3720
FINNIFTY02JAN2420300CE.NFO,02/01/2024,10:14:33,1060,1061.55,160,1066.2,80,0,3720
FINNIFTY02JAN2420300CE.NFO,02/01/2024,10:14:35,1060,1062.35,200,1069.85,160,0,3720
FINNIFTY02JAN2420300CE.NFO,02/01/2024,10:14:37,1060,1063.5,200,1069.7,360,0,3720
FINNIFTY02JAN2420300CE.NFO,02/01/2024,10:14:38,1060,1064,80,1069.4,120,0,3720
FINNIFTY02JAN2420300CE.NFO,02/01/2024,10:14:40,1060,1063.2,80,1068.65,160,0,3720
FINNIFTY02JAN2420300CE.NFO,02/01/2024,10:14:42,1060,1062.8,200,1067.9,120,0,3720
FINNIFTY02JAN2420300CE.NFO,02/01/2024,10:14:43,1060,1060.1,120,1066.65,120,0,3720
FINNIFTY02JAN2420300CE.NFO,02/01/2024,10:14:45,1060,1060.3,560,1065.6,120,0,3720
FINNIFTY02JAN2420300CE.NFO,02/01/2024,10:14:47,1060,1060.9,200,1066.9,560,0,3720
FINNIFTY02JAN2420300CE.NFO,02/01/2024,10:14:48,1060,1054.15,40,1065.9,200,0,3720
FINNIFTY02JAN2420300CE.NFO,02/01/2024,10:14:50,1060,1056.95,160,1064.9,80,0,3720
FINNIFTY02JAN2420300CE.NFO,02/01/2024,10:14:52,1060,1060.25,200,1065.45,160,0,3720
FINNIFTY02JAN2420300CE.NFO,02/01/2024,10:14:53,1060,1059.3,880,1065.1,160,0,3720
FINNIFTY02JAN2420300CE.NFO,02/01/2024,10:14:55,1060,1059.75,200,1064.3,160,0,3720
FINNIFTY02JAN2420300CE.NFO,02/01/2024,10:14:56,1060,1059.15,200,1063.5,80,0,3720
FINNIFTY02JAN2420300CE.NFO,02/01/2024,10:14:58,1060,1058.95,120,1063.75,120,0,3720
FINNIFTY02JAN2420300CE.NFO,02/01/2024,10:15:00,1060,1058.35,200,1073.6,280,0,3720
FINNIFTY02JAN2420300CE.NFO,02/01/2024,10:15:01,1060,1061.05,80,1067.15,80,0,3720
FINNIFTY02JAN2420300CE.NFO,02/01/2024,10:15:03,1060,1060.25,200,1066.1,400,0,3720
FINNIFTY02JAN2420300CE.NFO,02/01/2024,10:15:05,1060,1060.25,240,1065.65,680,0,3720
FINNIFTY02JAN2420300CE.NFO,02/01/2024,10:15:06,1060,1058.6,2560,1064.5,520,0,3720
FINNIFTY02JAN2420300CE.NFO,02/01/2024,10:15:08,1060,1057.1,120,1063.55,120,0,3720
FINNIFTY02JAN2420300CE.NFO,02/01/2024,10:15:10,1060,1057.1,120,1064.95,80,0,3720
FINNIFTY02JAN2420300CE.NFO,02/01/2024,10:15:11,1060,1058.35,80,1063.3,120,0,3720
FINNIFTY02JAN2420300CE.NFO,02/01/2024,10:15:13,1060,1058.2,80,1062.85,200,0,3720
FINNIFTY02JAN2420300CE.NFO,02/01/2024,10:15:15,1060,1058.4,200,1064.45,200,0,3720
FINNIFTY02JAN2420300CE.NFO,02/01/2024,10:15:16,1060,1059.6,200,1068.3,2520,0,3720
FINNIFTY02JAN2420300CE.NFO,02/01/2024,10:15:18,1060,1060.5,80,1065.6,120,0,3720
FINNIFTY02JAN2420300CE.NFO,02/01/2024,10:15:20,1060,1060.2,80,1065,200,0,3720
FINNIFTY02JAN2420300CE.NFO,02/01/2024,10:15:21,1060,1060.9,200,1066.65,40,0,3720
FINNIFTY02JAN2420300CE.NFO,02/01/2024,10:15:23,1060,1059.95,80,1066.6,400,0,3720
FINNIFTY02JAN2420300CE.NFO,02/01/2024,10:15:25,1060,1059.55,200,1064.8,120,0,3720
FINNIFTY02JAN2420300CE.NFO,02/01/2024,10:15:26,1060,1059.3,80,1063.85,360,0,3720
FINNIFTY02JAN2420300CE.NFO,02/01/2024,10:15:28,1060,1057.5,200,1063.15,80,0,3720
FINNIFTY02JAN2420300CE.NFO,02/01/2024,10:15:30,1060,1058.3,240,1062.8,480,0,3720
FINNIFTY02JAN2420300CE.NFO,02/01/2024,10:15:31,1060,1057.5,1240,1062.35,120,0,3720
FINNIFTY02JAN2420300CE.NFO,02/01/2024,10:15:33,1060,1057.5,120,1061.8,280,0,3720
FINNIFTY02JAN2420300CE.NFO,02/01/2024,10:15:35,1060,1057.5,120,1061.65,160,0,3720
FINNIFTY02JAN2420300CE.NFO,02/01/2024,10:15:36,1060,1057.6,80,1062.7,280,0,3720
FINNIFTY02JAN2420300CE.NFO,02/01/2024,10:15:38,1060,1057.9,120,1062.15,160,0,3720
FINNIFTY02JAN2420300CE.NFO,02/01/2024,10:15:40,1060,1058.45,80,1063.3,120,0,3720
FINNIFTY02JAN2420300CE.NFO,02/01/2024,10:15:41,1060,1058.8,80,1062.95,160,0,3720
FINNIFTY02JAN2420300CE.NFO,02/01/2024,10:15:43,1060,1058.95,160,1063.25,440,0,3720
FINNIFTY02JAN2420300CE.NFO,02/01/2024,10:15:45,1060,1059.1,120,1064.1,200,0,3720
FINNIFTY02JAN2420300CE.NFO,02/01/2024,10:15:46,1060,1060.75,200,1065.75,1240,0,3720
FINNIFTY02JAN2420300CE.NFO,02/01/2024,10:15:48,1060,1061.4,80,1067.7,200,0,3720
FINNIFTY02JAN2420300CE.NFO,02/01/2024,10:15:50,1060,1062.35,80,1067.75,200,0,3720
FINNIFTY02JAN2420300CE.NFO,02/01/2024,10:15:51,1060,1062.2,200,1067.2,200,0,3720
FINNIFTY02JAN2420300CE.NFO,02/01/2024,10:15:53,1060,1061.05,80,1065.75,80,0,3720
FINNIFTY02JAN2420300CE.NFO,02/01/2024,10:15:55,1060,1057.5,40,1064.9,160,0,3720
FINNIFTY02JAN2420300CE.NFO,02/01/2024,10:15:56,1060,1059.7,200,1064.25,120,0,3720
FINNIFTY02JAN2420300CE.NFO,02/01/2024,10:15:58,1060,1059.7,200,1064.1,80,0,3720
FINNIFTY02JAN2420300CE.NFO,02/01/2024,10:16:00,1060,1060.4,80,1068.25,3240,0,3720
FINNIFTY02JAN2420300CE.NFO,02/01/2024,10:16:01,1060,1058.8,200,1067.1,200,0,3720
FINNIFTY02JAN2420300CE.NFO,02/01/2024,10:16:03,1060,1059.1,80,1064.9,160,0,3720
FINNIFTY02JAN2420300CE.NFO,02/01/2024,10:16:05,1060,1059.3,200,1064.65,200,0,3720
FINNIFTY02JAN2420300CE.NFO,02/01/2024,10:16:06,1060,1060.55,80,1067.65,2800,0,3720
FINNIFTY02JAN2420300CE.NFO,02/01/2024,10:16:08,1060,1061.4,80,1066.05,160,0,3720
FINNIFTY02JAN2420300CE.NFO,02/01/2024,10:16:10,1060,1061.9,200,1066.85,200,0,3720
FINNIFTY02JAN2420300CE.NFO,02/01/2024,10:16:11,1060,1062.55,80,1066.85,80,0,3720
FINNIFTY02JAN2420300CE.NFO,02/01/2024,10:16:13,1060,1060.6,80,1065.25,200,0,3720
FINNIFTY02JAN2420300CE.NFO,02/01/2024,10:16:15,1060,1061.05,200,1067.1,200,0,3720
FINNIFTY02JAN2420300CE.NFO,02/01/2024,10:16:16,1060,1060.5,40,1065.55,200,0,3720
FINNIFTY02JAN2420300CE.NFO,02/01/2024,10:16:18,1060,1060.45,40,1065.65,680,0,3720
FINNIFTY02JAN2420300CE.NFO,02/01/2024,10:16:20,1060,1060.15,80,1064.75,160,0,3720
FINNIFTY02JAN2420300CE.NFO,02/01/2024,10:16:21,1060,1060.45,200,1071.3,200,0,3720
FINNIFTY02JAN2420300CE.NFO,02/01/2024,10:16:23,1060,1062,80,1068,80,0,3720
FINNIFTY02JAN2420300CE.NFO,02/01/2024,10:16:24,1060,1061.8,80,1066.35,200,0,3720
FINNIFTY02JAN2420300CE.NFO,02/01/2024,10:16:26,1060,1061.05,80,1066.3,80,0,3720
FINNIFTY02JAN2420300CE.NFO,02/01/2024,10:16:28,1060,1061.4,80,1065.55,120,0,3720
FINNIFTY02JAN2420300CE.NFO,02/01/2024,10:16:29,1060,1060.7,120,1065.85,120,0,3720
FINNIFTY02JAN2420300CE.NFO,02/01/2024,10:16:31,1060,1061.6,120,1066.3,1160,0,3720
FINNIFTY02JAN2420300CE.NFO,02/01/2024,10:16:33,1060,1060.7,200,1066.6,320,0,3720
FINNIFTY02JAN2420300CE.NFO,02/01/2024,10:16:34,1060,1060.7,320,1065.45,200,0,3720
FINNIFTY02JAN2420300CE.NFO,02/01/2024,10:16:36,1060,1061.1,200,1069.75,80,0,3720
FINNIFTY02JAN2420300CE.NFO,02/01/2024,10:16:38,1060,1059.45,40,1065.7,200,0,3720
FINNIFTY02JAN2420300CE.NFO,02/01/2024,10:16:39,1060,1060.4,400,1064.65,200,0,3720
FINNIFTY02JAN2420300CE.NFO,02/01/2024,10:16:41,1060,1060.75,40,1065.75,2000,0,3720
FINNIFTY02JAN2420300CE.NFO,02/01/2024,10:16:43,1060,1060.35,280,1065.35,160,0,3720
FINNIFTY02JAN2420300CE.NFO,02/01/2024,10:16:44,1060,1059.75,80,1064.65,120,0,3720
FINNIFTY02JAN2420300CE.NFO,02/01/2024,10:16:46,1060,1057.65,120,1063.5,80,0,3720
FINNIFTY02JAN2420300CE.NFO,02/01/2024,10:16:47,1060,1056.85,80,1061.75,200,0,3720
FINNIFTY02JAN2420300CE.NFO,02/01/2024,10:16:49,1060,1055,120,1060.5,240,0,3720
FINNIFTY02JAN2420300CE.NFO,02/01/2024,10:16:51,1060,1053.5,80,1058.9,200,0,3720
FINNIFTY02JAN2420300CE.NFO,02/01/2024,10:16:52,1060,1052.8,120,1057.95,160,0,3720
FINNIFTY02JAN2420300CE.NFO,02/01/2024,10:16:54,1060,1052.95,200,1057.85,120,0,3720
FINNIFTY02JAN2420300CE.NFO,02/01/2024,10:16:56,1060,1052.25,520,1057.6,320,0,3720
FINNIFTY02JAN2420300CE.NFO,02/01/2024,10:16:57,1060,1051.4,80,1056.5,200,0,3720
FINNIFTY02JAN2420300CE.NFO,02/01/2024,10:16:59,1060,1051.95,80,1056.4,200,0,3720
FINNIFTY02JAN2420300CE.NFO,02/01/2024,10:17:01,1060,1050.9,160,1070.4,320,0,3720
FINNIFTY02JAN2420300CE.NFO,02/01/2024,10:17:02,1060,1051.9,200,1058.3,80,0,3720
FINNIFTY02JAN2420300CE.NFO,02/01/2024,10:17:04,1060,1050.05,80,1056.1,200,0,3720
FINNIFTY02JAN2420300CE.NFO,02/01/2024,10:17:06,1060,1046.75,80,1054.95,200,0,3720
FINNIFTY02JAN2420300CE.NFO,02/01/2024,10:17:07,1060,1045.05,200,1053.4,400,0,3720
FINNIFTY02JAN2420300CE.NFO,02/01/2024,10:17:09,1060,1047.1,160,1053.55,80,0,3720
FINNIFTY02JAN2420300CE.NFO,02/01/2024,10:17:11,1060,1048.7,80,1054.65,200,0,3720
FINNIFTY02JAN2420300CE.NFO,02/01/2024,10:17:12,1060,1048.95,200,1054.2,80,0,3720
FINNIFTY02JAN2420300CE.NFO,02/01/2024,10:17:14,1060,1048.6,40,1053.3,120,0,3720
FINNIFTY02JAN2420300CE.NFO,02/01/2024,10:17:16,1060,1045.7,200,1051.85,200,0,3720
FINNIFTY02JAN2420300CE.NFO,02/01/2024,10:17:17,1060,1044.95,80,1051.75,320,0,3720
FINNIFTY02JAN2420300CE.NFO,02/01/2024,10:17:19,1060,1046.5,160,1064.55,200,0,3720
FINNIFTY02JAN2420300CE.NFO,02/01/2024,10:17:21,1060,1044.6,200,1050.6,80,0,3720
FINNIFTY02JAN2420300CE.NFO,02/01/2024,10:17:22,1060,1043.55,120,1050.35,80,0,3720
FINNIFTY02JAN2420300CE.NFO,02/01/2024,10:17:24,1060,1037.75,200,1048.6,80,0,3720
FINNIFTY02JAN2420300CE.NFO,02/01/2024,10:17:26,1060,1038.6,200,1051.9,200,0,3720
FINNIFTY02JAN2420300CE.NFO,02/01/2024,10:17:27,1060,1039.55,200,1050.85,200,0,3720
FINNIFTY02JAN2420300CE.NFO,02/01/2024,10:17:29,1060,1041.1,120,1049.55,120,0,3720
FINNIFTY02JAN2420300CE.NFO,02/01/2024,10:17:30,1060,1042.4,200,1049.4,280,0,3720
FINNIFTY02JAN2420300CE.NFO,02/01/2024,10:17:32,1060,1044.4,120,1051.5,40,0,3720
FINNIFTY02JAN2420300CE.NFO,02/01/2024,10:17:34,1060,1045.65,40,1050.55,80,0,3720
FINNIFTY02JAN2420300CE.NFO,02/01/2024,10:17:35,1060,1046.15,200,1055.75,120,0,3720
FINNIFTY02JAN2420300CE.NFO,02/01/2024,10:17:37,1060,1047.15,160,1053.95,120,0,3720
FINNIFTY02JAN2420300CE.NFO,02/01/2024,10:17:39,1060,1045.35,200,1051.5,200,0,3720
FINNIFTY02JAN2420300CE.NFO,02/01/2024,10:17:41,1060,1046.4,120,1053.65,200,0,3720
FINNIFTY02JAN2420300CE.NFO,02/01/2024,10:17:42,1060,1047.05,200,1053.15,640,0,3720
FINNIFTY02JAN2420300CE.NFO,02/01/2024,10:17:44,1060,1047,80,1052.5,160,0,3720
FINNIFTY02JAN2420300CE.NFO,02/01/2024,10:17:46,1060,1048.15,280,1054.1,360,0,3720
FINNIFTY02JAN2420300CE.NFO,02/01/2024,10:17:47,1060,1049.55,200,1057.55,200,0,3720
FINNIFTY02JAN2420300CE.NFO,02/01/2024,10:17:49,1060,1048.35,680,1054.35,400,0,3720
FINNIFTY02JAN2420300CE.NFO,02/01/2024,10:17:51,1060,1047.15,120,1052.6,80,0,3720
FINNIFTY02JAN2420300CE.NFO,02/01/2024,10:17:52,1060,1047.35,200,1054.55,120,0,3720
FINNIFTY02JAN2420300CE.NFO,02/01/2024,10:17:54,1060,1048.8,120,1053.6,120,0,3720
FINNIFTY02JAN2420300CE.NFO,02/01/2024,10:17:56,1060,1047.35,200,1053.05,120,0,3720
FINNIFTY02JAN2420300CE.NFO,02/01/2024,10:17:57,1060,1048,200,1052.65,840,0,3720
FINNIFTY02JAN2420300CE.NFO,02/01/2024,10:17:59,1060,1049.35,200,1060.35,40,0,3720
FINNIFTY02JAN2420300CE.NFO,02/01/2024,10:18:01,1060,1050.2,120,1058.05,120,0,3720
FINNIFTY02JAN2420300CE.NFO,02/01/2024,10:18:02,1060,1050.4,40,1056.35,160,0,3720
FINNIFTY02JAN2420300CE.NFO,02/01/2024,10:18:04,1060,1045.75,160,1055.1,160,0,3720
FINNIFTY02JAN2420300CE.NFO,02/01/2024,10:18:06,1060,1048.95,80,1054,200,0,3720
FINNIFTY02JAN2420300CE.NFO,02/01/2024,10:18:07,1060,1050.2,80,1058.5,80,0,3720
FINNIFTY02JAN2420300CE.NFO,02/01/2024,10:18:09,1060,1050.95,80,1055.15,480,0,3720
FINNIFTY02JAN2420300CE.NFO,02/01/2024,10:18:11,1060,1049.65,80,1056.05,400,0,3720
FINNIFTY02JAN2420300CE.NFO,02/01/2024,10:18:12,1060,1051.25,200,1057.85,2240,0,3720
FINNIFTY02JAN2420300CE.NFO,02/01/2024,10:18:14,1060,1051.25,200,1057.15,120,0,3720
FINNIFTY02JAN2420300CE.NFO,02/01/2024,10:18:16,1060,1050.9,80,1055.2,160,0,3720
FINNIFTY02JAN2420300CE.NFO,02/01/2024,10:18:17,1060,1049.1,200,1054.6,120,0,3720
FINNIFTY02JAN2420300CE.NFO,02/01/2024,10:18:19,1060,1037.7,2680,1053.05,120,0,3720
FINNIFTY02JAN2420300CE.NFO,02/01/2024,10:18:21,1060,1047.4,80,1053.4,200,0,3720
FINNIFTY02JAN2420300CE.NFO,02/01/2024,10:18:22,1060,1047.8,80,1052.4,120,0,3720
FINNIFTY02JAN2420300CE.NFO,02/01/2024,10:18:24,1060,1045.85,2320,1052.25,80,0,3720
FINNIFTY02JAN2420300CE.NFO,02/01/2024,10:18:25,1060,1045.95,120,1052.05,80,0,3720
FINNIFTY02JAN2420300CE.NFO,02/01/2024,10:18:27,1060,1046.15,40,1051.05,120,0,3720
FINNIFTY02JAN2420300CE.NFO,02/01/2024,10:18:29,1060,1046.25,200,1050.9,120,0,3720
FINNIFTY02JAN2420300CE.NFO,02/01/2024,10:18:30,1060,1044.55,280,1050.65,120,0,3720
FINNIFTY02JAN2420300CE.NFO,02/01/2024,10:18:32,1060,1044.4,120,1049.3,120,0,3720
FINNIFTY02JAN2420300CE.NFO,02/01/2024,10:18:34,1060,1044.65,200,1050.5,160,0,3720
FINNIFTY02JAN2420300CE.NFO,02/01/2024,10:18:35,1060,1045.65,40,1053.2,80,0,3720
FINNIFTY02JAN2420300CE.NFO,02/01/2024,10:18:37,1060,1045.85,320,1051.6,160,0,3720
FINNIFTY02JAN2420300CE.NFO,02/01/2024,10:18:39,1060,1045.1,80,1049.6,40,0,3720
FINNIFTY02JAN2420300CE.NFO,02/01/2024,10:18:40,1060,1046.4,40,1051,120,0,3720
FINNIFTY02JAN2420300CE.NFO,02/01/2024,10:18:42,1060,1047,40,1051.85,120,0,3720
FINNIFTY02JAN2420300CE.NFO,02/01/2024,10:18:44,1060,1045.9,80,1051.05,120,0,3720
FINNIFTY02JAN2420300CE.NFO,02/01/2024,10:18:45,1060,1043.35,120,1050.45,440,0,3720
FINNIFTY02JAN2420300CE.NFO,02/01/2024,10:18:47,1060,1046.4,80,1051.8,2240,0,3720
FINNIFTY02JAN2420300CE.NFO,02/01/2024,10:18:49,1060,1047.4,120,1052.5,80,0,3720
FINNIFTY02JAN2420300CE.NFO,02/01/2024,10:18:50,1060,1048.5,200,1058.9,160,0,3720
FINNIFTY02JAN2420300CE.NFO,02/01/2024,10:18:52,1060,1049.3,120,1055.5,160,0,3720
FINNIFTY02JAN2420300CE.NFO,02/01/2024,10:18:54,1060,1049.1,40,1053.85,120,0,3720
FINNIFTY02JAN2420300CE.NFO,02/01/2024,10:18:55,1060,1048.4,80,1052.85,120,0,3720
FINNIFTY02JAN2420300CE.NFO,02/01/2024,10:18:57,1060,1048.8,80,1054.15,160,0,3720
FINNIFTY02JAN2420300CE.NFO,02/01/2024,10:18:59,1060,1048.45,80,1053.2,120,0,3720
FINNIFTY02JAN2420300CE.NFO,02/01/2024,10:19:00,1060,1043.3,1360,1052.95,120,0,3720
FINNIFTY02JAN2420300CE.NFO,02/01/2024,10:19:02,1060,1047.2,80,1051.65,120,0,3720
FINNIFTY02JAN2420300CE.NFO,02/01/2024,10:19:04,1060,1047.95,80,1053.15,160,0,3720
FINNIFTY02JAN2420300CE.NFO,02/01/2024,10:19:05,1060,1047.55,120,1052.1,80,0,3720
FINNIFTY02JAN2420300CE.NFO,02/01/2024,10:19:07,1060,1047.5,80,1053.2,520,0,3720
FINNIFTY02JAN2420300CE.NFO,02/01/2024,10:19:09,1060,1046.95,80,1052.05,160,0,3720
FINNIFTY02JAN2420300CE.NFO,02/01/2024,10:19:10,1060,1044.75,120,1050.85,200,0,3720
FINNIFTY02JAN2420300CE.NFO,02/01/2024,10:19:12,1060,1045.45,40,1050.5,200,0,3720
FINNIFTY02JAN2420300CE.NFO,02/01/2024,10:19:14,1060,1044.2,120,1049.4,160,0,3720
FINNIFTY02JAN2420300CE.NFO,02/01/2024,10:19:15,1060,1040.1,120,1048.4,160,0,3720
FINNIFTY02JAN2420300CE.NFO,02/01/2024,10:19:17,1060,1042.25,120,1048.25,480,0,3720
FINNIFTY02JAN2420300CE.NFO,02/01/2024,10:19:19,1060,1043.1,120,1050.75,160,0,3720
FINNIFTY02JAN2420300CE.NFO,02/01/2024,10:19:20,1060,1043.05,40,1047.65,40,0,3720
FINNIFTY02JAN2420300CE.NFO,02/01/2024,10:19:22,1060,1043.8,200,1049.3,200,0,3720
FINNIFTY02JAN2420300CE.NFO,02/01/2024,10:19:23,1060,1043.55,200,1050.25,200,0,3720
FINNIFTY02JAN2420300CE.NFO,02/01/2024,10:19:25,1060,1043.45,40,1050.25,200,0,3720
FINNIFTY02JAN2420300CE.NFO,02/01/2024,10:19:27,1060,1044.55,80,1049.05,240,0,3720
FINNIFTY02JAN2420300CE.NFO,02/01/2024,10:19:28,1060,1044.2,40,1048.95,880,0,3720
FINNIFTY02JAN2420300CE.NFO,02/01/2024,10:19:30,1060,1044.6,40,1052.35,200,0,3720
FINNIFTY02JAN2420300CE.NFO,02/01/2024,10:19:32,1060,1046.05,120,1051.45,200,0,3720
FINNIFTY02JAN2420300CE.NFO,02/01/2024,10:19:33,1060,1047.35,80,1052.3,200,0,3720
FINNIFTY02JAN2420300CE.NFO,02/01/2024,10:19:35,1060,1045.65,120,1052.25,200,0,3720
FINNIFTY02JAN2420300CE.NFO,02/01/2024,10:19:37,1060,1046.15,80,1051.2,200,0,3720
FINNIFTY02JAN2420300CE.NFO,02/01/2024,10:19:38,1060,1046.95,40,1052.85,120,0,3720
FINNIFTY02JAN2420300CE.NFO,02/01/2024,10:19:40,1060,1048.05,200,1053.5,1200,0,3720
FINNIFTY02JAN2420300CE.NFO,02/01/2024,10:19:41,1060,1048.65,40,1054.35,40,0,3720
FINNIFTY02JAN2420300CE.NFO,02/01/2024,10:19:43,1060,1049.25,80,1054.35,1360,0,3720
FINNIFTY02JAN2420300CE.NFO,02/01/2024,10:19:45,1060,1048.7,200,1053.85,200,0,3720
FINNIFTY02JAN2420300CE.NFO,02/01/2024,10:19:46,1060,1047.7,80,1052.9,280,0,3720
FINNIFTY02JAN2420300CE.NFO,02/01/2024,10:19:48,1060,1047.65,120,1052.8,160,0,3720
FINNIFTY02JAN2420300CE.NFO,02/01/2024,10:19:50,1060,1048.7,160,1054.35,600,0,3720
FINNIFTY02JAN2420300CE.NFO,02/01/2024,10:19:52,1060,1048.3,80,1053.05,120,0,3720
FINNIFTY02JAN2420300CE.NFO,02/01/2024,10:19:53,1060,1048.7,80,1053.2,280,0,3720
FINNIFTY02JAN2420300CE.NFO,02/01/2024,10:19:55,1060,1049.5,80,1055.2,200,0,3720
FINNIFTY02JAN2420300CE.NFO,02/01/2024,10:19:57,1060,1050.75,120,1056.25,200,0,3720
FINNIFTY02JAN2420300CE.NFO,02/01/2024,10:19:58,1060,1051.35,80,1058.1,200,0,3720
FINNIFTY02JAN2420300CE.NFO,02/01/2024,10:20:00,1060,1040.2,120,1055.5,120,0,3720
FINNIFTY02JAN2420300CE.NFO,02/01/2024,10:20:02,1060,1050.2,200,1055.4,120,0,3720
FINNIFTY02JAN2420300CE.NFO,02/01/2024,10:20:03,1060,1051.65,120,1057.1,1800,0,3720
FINNIFTY02JAN2420300CE.NFO,02/01/2024,10:20:05,1060,1050.65,80,1058.15,200,0,3720
FINNIFTY02JAN2420300CE.NFO,02/01/2024,10:20:06,1060,1050.95,80,1055.65,280,0,3720
FINNIFTY02JAN2420300CE.NFO,02/01/2024,10:20:08,1060,1048.8,200,1054.65,120,0,3720
FINNIFTY02JAN2420300CE.NFO,02/01/2024,10:20:10,1060,1049.55,80,1053.7,200,0,3720
FINNIFTY02JAN2420300CE.NFO,02/01/2024,10:20:11,1060,1046.25,1840,1053.95,200,0,3720
FINNIFTY02JAN2420300CE.NFO,02/01/2024,10:20:13,1060,1048.15,200,1053.4,280,0,3720
FINNIFTY02JAN2420300CE.NFO,02/01/2024,10:20:15,1060,1049.2,80,1053.95,200,0,3720
FINNIFTY02JAN2420300CE.NFO,02/01/2024,10:20:16,1060,1047.7,200,1054.8,80,0,3720
FINNIFTY02JAN2420300CE.NFO,02/01/2024,10:20:18,1060,1049.1,80,1053.55,120,0,3720
FINNIFTY02JAN2420300CE.NFO,02/01/2024,10:20:20,1060,1049.55,80,1053.55,160,0,3720
FINNIFTY02JAN2420300CE.NFO,02/01/2024,10:20:21,1060,1048.05,80,1053.05,80,0,3720
FINNIFTY02JAN2420300CE.NFO,02/01/2024,10:20:23,1060,1046.75,200,1052,200,0,3720
FINNIFTY02JAN2420300CE.NFO,02/01/2024,10:20:24,1060,1046.85,80,1055.4,80,0,3720
FINNIFTY02JAN2420300CE.NFO,02/01/2024,10:20:26,1060,1047.85,120,1053,200,0,3720
FINNIFTY02JAN2420300CE.NFO,02/01/2024,10:20:28,1060,1049,120,1054.7,120,0,3720
FINNIFTY02JAN2420300CE.NFO,02/01/2024,10:20:29,1060,1049.65,40,1054.2,680,0,3720
FINNIFTY02JAN2420300CE.NFO,02/01/2024,10:20:31,1060,1048.65,200,1054.2,120,0,3720
FINNIFTY02JAN2420300CE.NFO,02/01/2024,10:20:33,1060,1048.45,40,1053.65,200,0,3720
FINNIFTY02JAN2420300CE.NFO,02/01/2024,10:20:34,1060,1048.35,40,1052.8,480,0,3720
FINNIFTY02JAN2420300CE.NFO,02/01/2024,10:20:36,1060,1049.05,80,1054.4,80,0,3720
FINNIFTY02JAN2420300CE.NFO,02/01/2024,10:20:38,1060,1050.55,40,1056.55,200,0,3720
FINNIFTY02JAN2420300CE.NFO,02/01/2024,10:20:39,1060,1051,80,1055.65,200,0,3720
FINNIFTY02JAN2420300CE.NFO,02/01/2024,10:20:41,1060,1050.15,280,1054.8,160,0,3720
FINNIFTY02JAN2420300CE.NFO,02/01/2024,10:20:43,1060,1050.4,80,1054.35,40,0,3720
FINNIFTY02JAN2420300CE.NFO,02/01/2024,10:20:44,1060,1049.95,520,1054.5,120,0,3720
FINNIFTY02JAN2420300CE.NFO,02/01/2024,10:20:46,1060,1050.05,80,1054.65,1280,0,3720
FINNIFTY02JAN2420300CE.NFO,02/01/2024,10:20:48,1060,1049.75,80,1054.4,200,0,3720
FINNIFTY02JAN2420300CE.NFO,02/01/2024,10:20:49,1060,1047.7,280,1053.65,120,0,3720
FINNIFTY02JAN2420300CE.NFO,02/01/2024,10:20:51,1060,1048.5,80,1052.85,120,0,3720
FINNIFTY02JAN2420300CE.NFO,02/01/2024,10:20:52,1060,1048.3,120,1053.6,80,0,3720
FINNIFTY02JAN2420300CE.NFO,02/01/2024,10:20:54,1060,1048.55,160,1053.25,120,0,3720
FINNIFTY02JAN2420300CE.NFO,02/01/2024,10:20:56,1060,1048.4,120,1052.75,80,0,3720
FINNIFTY02JAN2420300CE.NFO,02/01/2024,10:20:57,1060,1048.3,80,1053,80,0,3720
FINNIFTY02JAN2420300CE.NFO,02/01/2024,10:20:59,1060,1048.75,80,1053.05,480,0,3720
FINNIFTY02JAN2420300CE.NFO,02/01/2024,10:21:01,1060,1046.35,80,1051.85,200,0,3720
FINNIFTY02JAN2420300CE.NFO,02/01/2024,10:21:02,1060,1045.6,120,1050.5,80,0,3720
FINNIFTY02JAN2420300CE.NFO,02/01/2024,10:21:04,1060,1045.75,40,1050.75,80,0,3720
FINNIFTY02JAN2420300CE.NFO,02/01/2024,10:21:06,1060,1045.05,120,1049.75,120,0,3720
FINNIFTY02JAN2420300CE.NFO,02/01/2024,10:21:07,1060,1044.4,160,1049.35,120,0,3720
FINNIFTY02JAN2420300CE.NFO,02/01/2024,10:21:09,1060,1044.7,160,1049.35,120,0,3720
FINNIFTY02JAN2420300CE.NFO,02/01/2024,10:21:11,1060,1044.45,120,1049.8,80,0,3720
FINNIFTY02JAN2420300CE.NFO,02/01/2024,10:21:12,1060,1045.3,120,1051.05,160,0,3720
FINNIFTY02JAN2420300CE.NFO,02/01/2024,10:21:14,1060,1046.75,80,1052.25,80,0,3720
FINNIFTY02JAN2420300CE.NFO,02/01/2024,10:21:16,1060,1047.55,200,1053.2,1560,0,3720
FINNIFTY02JAN2420300CE.NFO,02/01/2024,10:21:17,1060,1048.2,120,1052.95,40,0,3720
FINNIFTY02JAN2420300CE.NFO,02/01/2024,10:21:19,1060,1049.3,200,1061.35,200,0,3720
FINNIFTY02JAN2420300CE.NFO,02/01/2024,10:21:21,1060,1050.35,480,1058,440,0,3720
FINNIFTY02JAN2420300CE.NFO,02/01/2024,10:21:22,1060,1050.65,80,1055.85,120,0,3720
FINNIFTY02JAN2420300CE.NFO,02/01/2024,10:21:24,1060,1052.2,200,1061.3,120,0,3720
FINNIFTY02JAN2420300CE.NFO,02/01/2024,10:21:26,1060,1053.55,200,1066.2,120,0,3720
FINNIFTY02JAN2420300CE.NFO,02/01/2024,10:21:27,1060,1054.7,80,1063.4,200,0,3720
FINNIFTY02JAN2420300CE.NFO,02/01/2024,10:21:29,1060,1054.8,200,1061.7,160,0,3720
FINNIFTY02JAN2420300CE.NFO,02/01/2024,10:21:31,1060,1056.35,40,1065.15,200,0,3720
FINNIFTY02JAN2420300CE.NFO,02/01/2024,10:21:33,1060,1057.15,120,1063.35,1000,0,3720
FINNIFTY02JAN2420300CE.NFO,02/01/2024,10:21:34,1060,1053.75,80,1061.45,120,0,3720
FINNIFTY02JAN2420300CE.NFO,02/01/2024,10:21:36,1060,1054.85,120,1060.1,160,0,3720
FINNIFTY02JAN2420300CE.NFO,02/01/2024,10:21:38,1060,1054.5,80,1059.2,120,0,3720
FINNIFTY02JAN2420300CE.NFO,02/01/2024,10:21:39,1060,1055,120,1059.6,840,0,3720
FINNIFTY02JAN2420300CE.NFO,02/01/2024,10:21:41,1060,1043,200,1059.1,120,0,3720
FINNIFTY02JAN2420300CE.NFO,02/01/2024,10:21:43,1060,1052.5,200,1057.4,80,0,3720
FINNIFTY02JAN2420300CE.NFO,02/01/2024,10:21:44,1060,1053.65,120,1058.9,480,0,3720
FINNIFTY02JAN2420300CE.NFO,02/01/2024,10:21:46,1060,1054.3,200,1058.65,200,0,3720
FINNIFTY02JAN2420300CE.NFO,02/01/2024,10:21:48,1060,1055.05,120,1060.1,200,0,3720
FINNIFTY02JAN2420300CE.NFO,02/01/2024,10:21:49,1060,1055.8,200,1061.05,120,0,3720
FINNIFTY02JAN2420300CE.NFO,02/01/2024,10:21:51,1060,1055.1,120,1060.2,160,0,3720
FINNIFTY02JAN2420300CE.NFO,02/01/2024,10:21:52,1060,1053.8,200,1059.55,80,0,3720
FINNIFTY02JAN2420300CE.NFO,02/01/2024,10:21:54,1060,1055.3,200,1059.8,160,0,3720
FINNIFTY02JAN2420300CE.NFO,02/01/2024,10:21:56,1060,1055.05,200,1059.35,120,0,3720
FINNIFTY02JAN2420300CE.NFO,02/01/2024,10:21:57,1060,1052.95,120,1058.8,80,0,3720
FINNIFTY02JAN2420300CE.NFO,02/01/2024,10:21:59,1060,1051.8,80,1057.25,120,0,3720
FINNIFTY02JAN2420300CE.NFO,02/01/2024,10:22:01,1060,1051.1,120,1056,120,0,3720
FINNIFTY02JAN2420300CE.NFO,02/01/2024,10:22:02,1060,1051.4,120,1056.7,680,0,3720
FINNIFTY02JAN2420300CE.NFO,02/01/2024,10:22:04,1060,1050.95,80,1055.95,200,0,3720
FINNIFTY02JAN2420300CE.NFO,02/01/2024,10:22:06,1060,1049.45,120,1055.15,200,0,3720
FINNIFTY02JAN2420300CE.NFO,02/01/2024,10:22:07,1060,1049.9,120,1055.05,920,0,3720
FINNIFTY02JAN2420300CE.NFO,02/01/2024,10:22:09,1060,1050.6,160,1055.9,240,0,3720
FINNIFTY02JAN2420300CE.NFO,02/01/2024,10:22:11,1060,1049.75,120,1054.8,200,0,3720
FINNIFTY02JAN2420300CE.NFO,02/01/2024,10:22:12,1060,1049.5,200,1054.45,120,0,3720
FINNIFTY02JAN2420300CE.NFO,02/01/2024,10:22:14,1060,1048.15,200,1053.8,200,0,3720
FINNIFTY02JAN2420300CE.NFO,02/01/2024,10:22:15,1060,1046,160,1053.05,160,0,3720
FINNIFTY02JAN2420300CE.NFO,02/01/2024,10:22:17,1060,1046.75,120,1052.2,240,0,3720
FINNIFTY02JAN2420300CE.NFO,02/01/2024,10:22:19,1060,1047.85,200,1054.65,200,0,3720
FINNIFTY02JAN2420300CE.NFO,02/01/2024,10:22:21,1060,1047.9,40,1052.5,80,0,3720
FINNIFTY02JAN2420300CE.NFO,02/01/2024,10:22:22,1060,1046.1,120,1051.7,200,0,3720
FINNIFTY02JAN2420300CE.NFO,02/01/2024,10:22:24,1060,1047.3,200,1052.65,80,0,3720
FINNIFTY02JAN2420300CE.NFO,02/01/2024,10:22:26,1060,1046.3,120,1051.8,80,0,3720
FINNIFTY02JAN2420300CE.NFO,02/01/2024,10:22:27,1060,1047.15,80,1052.9,160,0,3720
FINNIFTY02JAN2420300CE.NFO,02/01/2024,10:22:29,1060,1046.5,200,1051.55,200,0,3720
FINNIFTY02JAN2420300CE.NFO,02/01/2024,10:22:30,1060,1047.4,120,1052.75,480,0,3720
FINNIFTY02JAN2420300CE.NFO,02/01/2024,10:22:32,1060,1047.8,80,1052.7,120,0,3720
FINNIFTY02JAN2420300CE.NFO,02/01/2024,10:22:33,1060,1047.7,160,1052.1,160,0,3720
FINNIFTY02JAN2420300CE.NFO,02/01/2024,10:22:35,1060,1047.6,80,1052.05,120,0,3720
FINNIFTY02JAN2420300CE.NFO,02/01/2024,10:22:37,1060,1046.1,120,1051.05,160,0,3720
FINNIFTY02JAN2420300CE.NFO,02/01/2024,10:22:38,1060,1046.3,160,1051.3,1560,0,3720
FINNIFTY02JAN2420300CE.NFO,02/01/2024,10:22:40,1060,1045.7,120,1051.2,120,0,3720
FINNIFTY02JAN2420300CE.NFO,02/01/2024,10:22:42,1060,1044.6,200,1050.6,200,0,3720
FINNIFTY02JAN2420300CE.NFO,02/01/2024,10:22:43,1060,1046.05,120,1051.15,80,0,3720
FINNIFTY02JAN2420300CE.NFO,02/01/2024,10:22:45,1060,1045.85,160,1050.5,160,0,3720
FINNIFTY02JAN2420300CE.NFO,02/01/2024,10:22:47,1060,1046.65,200,1051.9,240,0,3720
FINNIFTY02JAN2420300CE.NFO,02/01/2024,10:22:48,1060,1048.15,80,1054.65,200,0,3720
FINNIFTY02JAN2420300CE.NFO,02/01/2024,10:22:50,1060,1047.55,200,1052.5,80,0,3720
FINNIFTY02JAN2420300CE.NFO,02/01/2024,10:22:52,1060,1045.9,120,1051.35,1360,0,3720
FINNIFTY02JAN2420300CE.NFO,02/01/2024,10:22:53,1060,1044.6,120,1050.3,160,0,3720
FINNIFTY02JAN2420300CE.NFO,02/01/2024,10:22:55,1060,1044,80,1049.65,160,0,3720
FINNIFTY02JAN2420300CE.NFO,02/01/2024,10:22:56,1060,1044.5,360,1049.25,160,0,3720
FINNIFTY02JAN2420300CE.NFO,02/01/2024,10:22:58,1060,1045.3,80,1049.2,200,0,3720
FINNIFTY02JAN2420300CE.NFO,02/01/2024,10:23:00,1060,1044.7,80,1049.4,200,0,3720
FINNIFTY02JAN2420300CE.NFO,02/01/2024,10:23:01,1060,1045.35,200,1051.1,160,0,3720
FINNIFTY02JAN2420300CE.NFO,02/01/2024,10:23:03,1060,1046.7,120,1051.35,40,0,3720
FINNIFTY02JAN2420300CE.NFO,02/01/2024,10:23:05,1060,1047.35,160,1054.85,360,0,3720
FINNIFTY02JAN2420300CE.NFO,02/01/2024,10:23:06,1060,1045.6,200,1051.65,40,0,3720
FINNIFTY02JAN2420300CE.NFO,02/01/2024,10:23:08,1060,1046.25,320,1051.25,320,0,3720
FINNIFTY02JAN2420300CE.NFO,02/01/2024,10:23:09,1060,1046.8,80,1051.05,160,0,3720
FINNIFTY02JAN2420300CE.NFO,02/01/2024,10:23:11,1060,1046.8,80,1051.15,40,0,3720
FINNIFTY02JAN2420300CE.NFO,02/01/2024,10:23:12,1060,1046.55,120,1052.65,80,0,3720
FINNIFTY02JAN2420300CE.NFO,02/01/2024,10:23:14,1060,1046.55,120,1051.1,120,0,3720
FINNIFTY02JAN2420300CE.NFO,02/01/2024,10:23:16,1060,1046.1,80,1050.65,200,0,3720
FINNIFTY02JAN2420300CE.NFO,02/01/2024,10:23:17,1060,1044.5,120,1050.1,120,0,3720
FINNIFTY02JAN2420300CE.NFO,02/01/2024,10:23:19,1060,1045,160,1049.4,200,0,3720
FINNIFTY02JAN2420300CE.NFO,02/01/2024,10:23:20,1060,1045.3,80,1049.8,1720,0,3720
FINNIFTY02JAN2420300CE.NFO,02/01/2024,10:23:22,1060,1044.15,120,1049.75,360,0,3720
FINNIFTY02JAN2420300CE.NFO,02/01/2024,10:23:24,1060,1041.75,120,1049.75,360,0,3720
FINNIFTY02JAN2420300CE.NFO,02/01/2024,10:23:25,1060,1041.75,120,1051.95,200,0,3720
FINNIFTY02JAN2420300CE.NFO,02/01/2024,10:23:27,1060,1041.75,120,1051.55,120,0,3720
FINNIFTY02JAN2420300CE.NFO,02/01/2024,10:23:29,1060,1041.75,120,1051.85,120,0,3720
FINNIFTY02JAN2420300CE.NFO,02/01/2024,10:23:31,1060,1047.9,80,1051.9,200,0,3720
FINNIFTY02JAN2420300CE.NFO,02/01/2024,10:23:32,1060,1046.3,80,1051.1,560,0,3720
FINNIFTY02JAN2420300CE.NFO,02/01/2024,10:23:34,1060,1046,80,1050.65,80,0,3720
FINNIFTY02JAN2420300CE.NFO,02/01/2024,10:23:35,1060,1046.4,40,1051.9,200,0,3720
FINNIFTY02JAN2420300CE.NFO,02/01/2024,10:23:37,1060,1045.85,80,1050.75,40,0,3720
FINNIFTY02JAN2420300CE.NFO,02/01/2024,10:23:39,1060,1045.95,200,1051.05,400,0,3720
FINNIFTY02JAN2420300CE.NFO,02/01/2024,10:23:40,1060,1046.25,120,1051.05,40,0,3720
FINNIFTY02JAN2420300CE.NFO,02/01/2024,10:23:42,1060,1044.4,40,1059.45,320,0,3720
FINNIFTY02JAN2420300CE.NFO,02/01/2024,10:23:44,1060,1045.35,120,1050.5,120,0,3720
FINNIFTY02JAN2420300CE.NFO,02/01/2024,10:23:45,1060,1046,80,1050.05,880,0,3720
FINNIFTY02JAN2420300CE.NFO,02/01/2024,10:23:47,1060,1044.9,120,1049.55,200,0,3720
FINNIFTY02JAN2420300CE.NFO,02/01/2024,10:23:49,1060,1045.5,80,1050.1,240,0,3720
FINNIFTY02JAN2420300CE.NFO,02/01/2024,10:23:50,1060,1044.35,200,1049.5,280,0,3720
FINNIFTY02JAN2420300CE.NFO,02/01/2024,10:23:52,1060,1041.85,80,1048.4,120,0,3720
FINNIFTY02JAN2420300CE.NFO,02/01/2024,10:23:54,1060,1042,80,1047.1,120,0,3720
FINNIFTY02JAN2420300CE.NFO,02/01/2024,10:23:55,1060,1043.4,200,1050.6,360,0,3720
FINNIFTY02JAN2420300CE.NFO,02/01/2024,10:23:57,1060,1042.5,120,1050.55,200,0,3720
FINNIFTY02JAN2420300CE.NFO,02/01/2024,10:23:59,1060,1042.9,120,1050.55,200,0,3720
FINNIFTY02JAN2420300CE.NFO,02/01/2024,10:24:00,1060,1042.85,240,1050.6,320,0,3720
FINNIFTY02JAN2420300CE.NFO,02/01/2024,10:24:02,1060,1045.2,120,1050.25,120,0,3720
FINNIFTY02JAN2420300CE.NFO,02/01/2024,10:24:04,1060,1046,120,1050.6,120,0,3720
FINNIFTY02JAN2420300CE.NFO,02/01/2024,10:24:05,1060,1046.7,80,1054.8,120,0,3720
FINNIFTY02JAN2420300CE.NFO,02/01/2024,10:24:07,1060,1047.95,120,1053,160,0,3720
FINNIFTY02JAN2420300CE.NFO,02/01/2024,10:24:09,1060,1048.55,80,1053.4,80,0,3720
FINNIFTY02JAN2420300CE.NFO,02/01/2024,10:24:10,1060,1047.3,120,1052.6,160,0,3720
FINNIFTY02JAN2420300CE.NFO,02/01/2024,10:24:12,1060,1041.9,80,1051.35,120,0,3720
FINNIFTY02JAN2420300CE.NFO,02/01/2024,10:24:14,1060,1045.4,200,1050.35,200,0,3720
FINNIFTY02JAN2420300CE.NFO,02/01/2024,10:24:15,1060,1044.4,160,1049.8,40,0,3720
FINNIFTY02JAN2420300CE.NFO,02/01/2024,10:24:17,1060,1046.05,120,1052.95,2760,0,3720
FINNIFTY02JAN2420300CE.NFO,02/01/2024,10:24:18,1060,1046.6,200,1051.1,120,0,3720
FINNIFTY02JAN2420300CE.NFO,02/01/2024,10:24:20,1060,1046.8,120,1051.85,280,0,3720
FINNIFTY02JAN2420300CE.NFO,02/01/2024,10:24:22,1060,1045.9,80,1050.35,280,0,3720
FINNIFTY02JAN2420300CE.NFO,02/01/2024,10:24:24,1060,1044.7,120,1050.25,1160,0,3720
FINNIFTY02JAN2420300CE.NFO,02/01/2024,10:24:25,1060,1046.55,80,1051.75,120,0,3720
FINNIFTY02JAN2420300CE.NFO,02/01/2024,10:24:27,1060,1047,80,1051.2,320,0,3720
FINNIFTY02JAN2420300CE.NFO,02/01/2024,10:24:29,1060,1046.15,200,1051,200,0,3720
FINNIFTY02JAN2420300CE.NFO,02/01/2024,10:24:30,1060,1046.75,80,1051.05,120,0,3720
FINNIFTY02JAN2420300CE.NFO,02/01/2024,10:24:32,1060,1047.4,120,1052.2,1880,0,3720
FINNIFTY02JAN2420300CE.NFO,02/01/2024,10:24:33,1060,1048.5,40,1054.7,40,0,3720
FINNIFTY02JAN2420300CE.NFO,02/01/2024,10:24:35,1060,1048.55,160,1053.25,80,0,3720
FINNIFTY02JAN2420300CE.NFO,02/01/2024,10:24:37,1060,1042.15,200,1052.25,240,0,3720
FINNIFTY02JAN2420300CE.NFO,02/01/2024,10:24:38,1060,1047.25,80,1052.1,40,0,3720
FINNIFTY02JAN2420300CE.NFO,02/01/2024,10:24:40,1060,1047.85,120,1052.5,200,0,3720
FINNIFTY02JAN2420300CE.NFO,02/01/2024,10:24:42,1060,1047.45,120,1052.35,160,0,3720
FINNIFTY02JAN2420300CE.NFO,02/01/2024,10:24:43,1060,1047.25,120,1052.25,400,0,3720
FINNIFTY02JAN2420300CE.NFO,02/01/2024,10:24:45,1060,1045.4,80,1051.05,120,0,3720
FINNIFTY02JAN2420300CE.NFO,02/01/2024,10:24:47,1060,1045.6,160,1050.15,280,0,3720
FINNIFTY02JAN2420300CE.NFO,02/01/2024,10:24:48,1060,1045.9,640,1058.8,160,0,3720
FINNIFTY02JAN2420300CE.NFO,02/01/2024,10:24:50,1060,1046.2,80,1055.5,280,0,3720
FINNIFTY02JAN2420300CE.NFO,02/01/2024,10:24:52,1060,1044.5,200,1049.8,120,0,3720
FINNIFTY02JAN2420300CE.NFO,02/01/2024,10:24:53,1060,1045.85,320,1050.45,200,0,3720
FINNIFTY02JAN2420300CE.NFO,02/01/2024,10:24:55,1060,1044.6,1640,1050.15,80,0,3720
FINNIFTY02JAN2420300CE.NFO,02/01/2024,10:24:57,1060,1045.15,200,1049.95,640,0,3720
FINNIFTY02JAN2420300CE.NFO,02/01/2024,10:24:58,1060,1045.75,160,1052.85,200,0,3720
FINNIFTY02JAN2420300CE.NFO,02/01/2024,10:25:00,1060,1047.25,200,1052.25,200,0,3720
FINNIFTY02JAN2420300CE.NFO,02/01/2024,10:25:02,1060,1044.95,160,1051.3,200,0,3720
FINNIFTY02JAN2420300CE.NFO,02/01/2024,10:25:03,1060,1045.35,80,1050.5,1240,0,3720
FINNIFTY02JAN2420300CE.NFO,02/01/2024,10:25:05,1060,1045.45,200,1050.05,160,0,3720
FINNIFTY02JAN2420300CE.NFO,02/01/2024,10:25:07,1060,1045.8,120,1054.05,120,0,3720
FINNIFTY02JAN2420300CE.NFO,02/01/2024,10:25:08,1060,1045.15,240,1051.15,160,0,3720
FINNIFTY02JAN2420300CE.NFO,02/01/2024,10:25:10,1060,1046.75,120,1053,120,0,3720
FINNIFTY02JAN2420300CE.NFO,02/01/2024,10:25:12,1060,1048.25,200,1053.05,80,0,3720
FINNIFTY02JAN2420300CE.NFO,02/01/2024,10:25:13,1060,1049.3,120,1054.15,200,0,3720
FINNIFTY02JAN2420300CE.NFO,02/01/2024,10:25:15,1060,1049.75,40,1054.7,120,0,3720
FINNIFTY02JAN2420300CE.NFO,02/01/2024,10:25:17,1060,1050.05,40,1055.95,120,0,3720
FINNIFTY02JAN2420300CE.NFO,02/01/2024,10:25:18,1060,1044.55,80,1054.35,120,0,3720
FINNIFTY02JAN2420300CE.NFO,02/01/2024,10:25:20,1060,1044.55,80,1053.25,160,0,3720
FINNIFTY02JAN2420300CE.NFO,02/01/2024,10:25:21,1060,1048.55,120,1053.15,360,0,3720
FINNIFTY02JAN2420300CE.NFO,02/01/2024,10:25:23,1060,1049.35,120,1053.95,120,0,3720
FINNIFTY02JAN2420300CE.NFO,02/01/2024,10:25:25,1060,1049.65,80,1054.75,560,0,3720
FINNIFTY02JAN2420300CE.NFO,02/01/2024,10:25:26,1060,1049.4,120,1054.75,560,0,3720
FINNIFTY02JAN2420300CE.NFO,02/01/2024,10:25:28,1060,1048.75,160,1054.5,160,0,3720
FINNIFTY02JAN2420300CE.NFO,02/01/2024,10:25:30,1060,1049.15,200,1053.75,280,0,3720
FINNIFTY02JAN2420300CE.NFO,02/01/2024,10:25:31,1060,1046.75,2520,1052.85,120,0,3720
FINNIFTY02JAN2420300CE.NFO,02/01/2024,10:25:33,1060,1048.15,160,1054.85,1760,0,3720
FINNIFTY02JAN2420300CE.NFO,02/01/2024,10:25:34,1060,1049.4,200,1054.8,120,0,3720
FINNIFTY02JAN2420300CE.NFO,02/01/2024,10:25:36,1060,1050.6,80,1055.25,80,0,3720
FINNIFTY02JAN2420300CE.NFO,02/01/2024,10:25:38,1060,1049.45,80,1054.45,80,0,3720
FINNIFTY02JAN2420300CE.NFO,02/01/2024,10:25:39,1060,1048.6,120,1053.8,40,0,3720
FINNIFTY02JAN2420300CE.NFO,02/01/2024,10:25:41,1060,1049.8,80,1057,120,0,3720
FINNIFTY02JAN2420300CE.NFO,02/01/2024,10:25:43,1060,1049.7,120,1054.95,200,0,3720
FINNIFTY02JAN2420300CE.NFO,02/01/2024,10:25:44,1060,1048.75,80,1054.2,200,0,3720
FINNIFTY02JAN2420300CE.NFO,02/01/2024,10:25:46,1060,1049.9,200,1055.25,120,0,3720
FINNIFTY02JAN2420300CE.NFO,02/01/2024,10:25:48,1060,1050.9,120,1055.25,200,0,3720
FINNIFTY02JAN2420300CE.NFO,02/01/2024,10:25:49,1060,1051.3,160,1055.65,560,0,3720
FINNIFTY02JAN2420300CE.NFO,02/01/2024,10:25:51,1060,1051.35,120,1056.25,120,0,3720
FINNIFTY02JAN2420300CE.NFO,02/01/2024,10:25:52,1060,1051.75,80,1059.4,1760,0,3720
FINNIFTY02JAN2420300CE.NFO,02/01/2024,10:25:54,1060,1051.2,200,1056.85,160,0,3720
FINNIFTY02JAN2420300CE.NFO,02/01/2024,10:25:56,1060,1050.9,120,1056.1,120,0,3720
FINNIFTY02JAN2420300CE.NFO,02/01/2024,10:25:57,1060,1046.6,120,1054.9,120,0,3720
FINNIFTY02JAN2420300CE.NFO,02/01/2024,10:25:59,1060,1048.95,80,1061.95,80,0,3720
FINNIFTY02JAN2420300CE.NFO,02/01/2024,10:26:01,1060,1051.8,80,1056.45,120,0,3720
FINNIFTY02JAN2420300CE.NFO,02/01/2024,10:26:02,1060,1051.05,80,1055.45,200,0,3720
FINNIFTY02JAN2420300CE.NFO,02/01/2024,10:26:04,1060,1049.9,200,1054.95,200,0,3720
FINNIFTY02JAN2420300CE.NFO,02/01/2024,10:26:05,1060,1049.9,80,1054.3,280,0,3720
FINNIFTY02JAN2420300CE.NFO,02/01/2024,10:26:07,1060,1048.5,280,1053.4,120,0,3720
FINNIFTY02JAN2420300CE.NFO,02/01/2024,10:26:09,1060,1049.45,80,1056.25,120,0,3720
FINNIFTY02JAN2420300CE.NFO,02/01/2024,10:26:10,1060,1050.35,160,1055.4,160,0,3720
FINNIFTY02JAN2420300CE.NFO,02/01/2024,10:26:12,1060,1050,120,1054.2,160,0,3720
FINNIFTY02JAN2420300CE.NFO,02/01/2024,10:26:14,1060,1048.75,200,1053.8,160,0,3720
FINNIFTY02JAN2420300CE.NFO,02/01/2024,10:26:15,1060,1049.95,120,1055.05,120,0,3720
FINNIFTY02JAN2420300CE.NFO,02/01/2024,10:26:17,1060,1049.9,760,1056,200,0,3720
FINNIFTY02JAN2420300CE.NFO,02/01/2024,10:26:19,1060,1050.25,200,1056,1800,0,3720
FINNIFTY02JAN2420300CE.NFO,02/01/2024,10:26:20,1060,1049.55,200,1054.9,200,0,3720
FINNIFTY02JAN2420300CE.NFO,02/01/2024,10:26:22,1060,1048.4,80,1053.65,320,0,3720
FINNIFTY02JAN2420300CE.NFO,02/01/2024,10:26:23,1060,1048.7,200,1054.65,120,0,3720
FINNIFTY02JAN2420300CE.NFO,02/01/2024,10:26:25,1060,1048.2,200,1053.7,120,0,3720
FINNIFTY02JAN2420300CE.NFO,02/01/2024,10:26:27,1060,1048.5,200,1053.2,200,0,3720
FINNIFTY02JAN2420300CE.NFO,02/01/2024,10:26:28,1060,1048.8,80,1053.4,120,0,3720
FINNIFTY02JAN2420300CE.NFO,02/01/2024,10:26:30,1060,1048.9,160,1053.15,200,0,3720
FINNIFTY02JAN2420300CE.NFO,02/01/2024,10:26:32,1060,1046.75,120,1052.4,200,0,3720
FINNIFTY02JAN2420300CE.NFO,02/01/2024,10:26:33,1060,1045.35,120,1050.75,120,0,3720
FINNIFTY02JAN2420300CE.NFO,02/01/2024,10:26:35,1060,1040.3,360,1049.75,280,0,3720
FINNIFTY02JAN2420300CE.NFO,02/01/2024,10:26:37,1060,1041.1,200,1048.4,120,0,3720
FINNIFTY02JAN2420300CE.NFO,02/01/2024,10:26:38,1060,1041.6,120,1048.15,40,0,3720
FINNIFTY02JAN2420300CE.NFO,02/01/2024,10:26:40,1060,1042.75,200,1056.4,120,0,3720
FINNIFTY02JAN2420300CE.NFO,02/01/2024,10:26:42,1060,1043.85,200,1054.3,40,0,3720
FINNIFTY02JAN2420300CE.NFO,02/01/2024,10:26:43,1060,1040.9,160,1051.65,200,0,3720
FINNIFTY02JAN2420300CE.NFO,02/01/2024,10:26:45,1060,1042.05,120,1049.95,200,0,3720
FINNIFTY02JAN2420300CE.NFO,02/01/2024,10:26:47,1060,1041.9,960,1048.85,560,0,3720
FINNIFTY02JAN2420300CE.NFO,02/01/2024,10:26:48,1060,1042.9,200,1055.25,40,0,3720
FINNIFTY02JAN2420300CE.NFO,02/01/2024,10:26:50,1060,1044.5,160,1053.5,160,0,3720
FINNIFTY02JAN2420300CE.NFO,02/01/2024,10:26:52,1060,1040,200,1051.75,120,0,3720
FINNIFTY02JAN2420300CE.NFO,02/01/2024,10:26:53,1060,1041.45,160,1050.85,240,0,3720
FINNIFTY02JAN2420300CE.NFO,02/01/2024,10:26:55,1060,1043.8,120,1050.3,40,0,3720
FINNIFTY02JAN2420300CE.NFO,02/01/2024,10:26:57,1060,1044.5,80,1049.7,160,0,3720
FINNIFTY02JAN2420300CE.NFO,02/01/2024,10:26:58,1060,1045.5,120,1050.35,120,0,3720
FINNIFTY02JAN2420300CE.NFO,02/01/2024,10:27:00,1060,1043.95,120,1049.85,120,0,3720
FINNIFTY02JAN2420300CE.NFO,02/01/2024,10:27:02,1060,1044.35,160,1054.15,320,0,3720
FINNIFTY02JAN2420300CE.NFO,02/01/2024,10:27:03,1060,1043.25,200,1052.4,200,0,3720
FINNIFTY02JAN2420300CE.NFO,02/01/2024,10:27:05,1060,1044.2,160,1050.6,160,0,3720
FINNIFTY02JAN2420300CE.NFO,02/01/2024,10:27:07,1060,1042.7,160,1048.35,120,0,3720
FINNIFTY02JAN2420300CE.NFO,02/01/2024,10:27:08,1060,1043.35,160,1052.25,40,0,3720
FINNIFTY02JAN2420300CE.NFO,02/01/2024,10:27:10,1060,1044.5,80,1050.8,1040,0,3720
FINNIFTY02JAN2420300CE.NFO,02/01/2024,10:27:12,1060,1044.35,120,1049.5,160,0,3720
FINNIFTY02JAN2420300CE.NFO,02/01/2024,10:27:13,1060,1043.9,120,1049.35,40,0,3720
FINNIFTY02JAN2420300CE.NFO,02/01/2024,10:27:15,1060,1045.7,200,1060.1,40,0,3720
FINNIFTY02JAN2420300CE.NFO,02/01/2024,10:27:17,1060,1046.4,80,1057.9,80,0,3720
FINNIFTY02JAN2420300CE.NFO,02/01/2024,10:27:18,1060,1044.4,120,1055.65,320,0,3720
FINNIFTY02JAN2420300CE.NFO,02/01/2024,10:27:20,1060,1046.95,200,1053.05,160,0,3720
FINNIFTY02JAN2420300CE.NFO,02/01/2024,10:27:22,1060,1047.85,120,1053.2,80,0,3720
FINNIFTY02JAN2420300CE.NFO,02/01/2024,10:27:23,1060,1045,200,1053,1160,0,3720
FINNIFTY02JAN2420300CE.NFO,02/01/2024,10:27:25,1060,1047.25,120,1056.45,160,0,3720
FINNIFTY02JAN2420300CE.NFO,02/01/2024,10:27:27,1060,1047.95,200,1053.55,80,0,3720
FINNIFTY02JAN2420300CE.NFO,02/01/2024,10:27:28,1060,1048.15,80,1052.85,320,0,3720
FINNIFTY02JAN2420300CE.NFO,02/01/2024,10:27:30,1060,1040.55,120,1054.1,2280,0,3720
FINNIFTY02JAN2420300CE.NFO,02/01/2024,10:27:32,1060,1040.55,120,1054.1,1080,0,3720
FINNIFTY02JAN2420300CE.NFO,02/01/2024,10:27:33,1060,1049.95,120,1055.1,200,0,3720
FINNIFTY02JAN2420300CE.NFO,02/01/2024,10:27:35,1060,1049,200,1055.1,200,0,3720
FINNIFTY02JAN2420300CE.NFO,02/01/2024,10:27:36,1060,1049.8,120,1055.15,200,0,3720
FINNIFTY02JAN2420300CE.NFO,02/01/2024,10:27:38,1060,1050.9,160,1057.8,200,0,3720
FINNIFTY02JAN2420300CE.NFO,02/01/2024,10:27:40,1060,1051.8,200,1056.7,160,0,3720
FINNIFTY02JAN2420300CE.NFO,02/01/2024,10:27:41,1060,1052.4,40,1057.1,240,0,3720
FINNIFTY02JAN2420300CE.NFO,02/01/2024,10:27:43,1060,1053.25,120,1058.4,1240,0,3720
FINNIFTY02JAN2420300CE.NFO,02/01/2024,10:27:45,1060,1053.75,160,1060.1,120,0,3720
FINNIFTY02JAN2420300CE.NFO,02/01/2024,10:27:46,1060,1052.8,200,1060.1,120,0,3720
FINNIFTY02JAN2420300CE.NFO,02/01/2024,10:27:48,1060,1049.8,120,1058.6,120,0,3720
FINNIFTY02JAN2420300CE.NFO,02/01/2024,10:27:50,1060,1051.65,80,1056.85,200,0,3720
FINNIFTY02JAN2420300CE.NFO,02/01/2024,10:27:51,1060,1050.3,40,1055.3,120,0,3720
FINNIFTY02JAN2420300CE.NFO,02/01/2024,10:27:53,1060,1050.1,200,1054.55,400,0,3720
FINNIFTY02JAN2420300CE.NFO,02/01/2024,10:27:55,1060,1048.9,120,1059,200,0,3720
FINNIFTY02JAN2420300CE.NFO,02/01/2024,10:27:56,1060,1050.35,80,1059,200,0,3720
FINNIFTY02JAN2420300CE.NFO,02/01/2024,10:27:58,1060,1049.5,80,1054.2,600,0,3720
FINNIFTY02JAN2420300CE.NFO,02/01/2024,10:28:00,1060,1050.05,160,1058.55,200,0,3720
FINNIFTY02JAN2420300CE.NFO,02/01/2024,10:28:01,1060,1050.95,40,1055.85,40,0,3720
FINNIFTY02JAN2420300CE.NFO,02/01/2024,10:28:03,1060,1051.5,80,1056.1,160,0,3720
FINNIFTY02JAN2420300CE.NFO,02/01/2024,10:28:05,1060,1050.25,80,1055.3,360,0,3720
FINNIFTY02JAN2420300CE.NFO,02/01/2024,10:28:06,1060,1051.2,80,1055.45,120,0,3720
FINNIFTY02JAN2420300CE.NFO,02/01/2024,10:28:08,1060,1050,120,1054.55,120,0,3720
FINNIFTY02JAN2420300CE.NFO,02/01/2024,10:28:10,1060,1051.1,80,1059.05,360,0,3720
FINNIFTY02JAN2420300CE.NFO,02/01/2024,10:28:11,1060,1050.3,200,1056.8,160,0,3720
FINNIFTY02JAN2420300CE.NFO,02/01/2024,10:28:13,1060,1050.8,160,1056.7,160,0,3720
FINNIFTY02JAN2420300CE.NFO,02/01/2024,10:28:15,1060,1052.3,200,1060.1,2480,0,3720
FINNIFTY02JAN2420300CE.NFO,02/01/2024,10:28:16,1060,1052.35,120,1056.9,240,0,3720
FINNIFTY02JAN2420300CE.NFO,02/01/2024,10:28:18,1060,1052.15,160,1056.5,40,0,3720
FINNIFTY02JAN2420300CE.NFO,02/01/2024,10:28:20,1060,1052.05,200,1057.55,200,0,3720
FINNIFTY02JAN2420300CE.NFO,02/01/2024,10:28:21,1060,1051.7,120,1057.45,80,0,3720
FINNIFTY02JAN2420300CE.NFO,02/01/2024,10:28:23,1060,1051.45,200,1057.45,200,0,3720
FINNIFTY02JAN2420300CE.NFO,02/01/2024,10:28:25,1060,1050.65,120,1057.45,200,0,3720
FINNIFTY02JAN2420300CE.NFO,02/01/2024,10:28:26,1060,1050.65,160,1057.45,200,0,3720
FINNIFTY02JAN2420300CE.NFO,02/01/2024,10:28:28,1060,1049.75,80,1054.5,80,0,3720
FINNIFTY02JAN2420300CE.NFO,02/01/2024,10:28:30,1060,1049.95,120,1054.05,120,0,3720
FINNIFTY02JAN2420300CE.NFO,02/01/2024,10:28:32,1060,1049.1,120,1053.7,120,0,3720
FINNIFTY02JAN2420300CE.NFO,02/01/2024,10:28:33,1060,1049.7,120,1053.8,40,0,3720
FINNIFTY02JAN2420300CE.NFO,02/01/2024,10:28:35,1060,1050.1,200,1055.35,2080,0,3720
FINNIFTY02JAN2420300CE.NFO,02/01/2024,10:28:36,1060,1050.45,120,1055.3,120,0,3720
FINNIFTY02JAN2420300CE.NFO,02/01/2024,10:28:38,1060,1050.8,80,1055.05,120,0,3720
FINNIFTY02JAN2420300CE.NFO,02/01/2024,10:28:40,1060,1051.6,80,1056.05,120,0,3720
FINNIFTY02JAN2420300CE.NFO,02/01/2024,10:28:41,1060,1048.9,120,1055.7,40,0,3720
FINNIFTY02JAN2420300CE.NFO,02/01/2024,10:28:43,1060,1051.2,120,1055.95,40,0,3720
FINNIFTY02JAN2420300CE.NFO,02/01/2024,10:28:45,1060,1051.85,120,1056.15,200,0,3720
FINNIFTY02JAN2420300CE.NFO,02/01/2024,10:28:46,1060,1051.95,200,1056.1,120,0,3720
FINNIFTY02JAN2420300CE.NFO,02/01/2024,10:28:48,1060,1051.2,80,1056,320,0,3720
FINNIFTY02JAN2420300CE.NFO,02/01/2024,10:28:50,1060,1050.3,120,1055.05,200,0,3720
FINNIFTY02JAN2420300CE.NFO,02/01/2024,10:28:51,1060,1050.2,80,1054.5,200,0,3720
FINNIFTY02JAN2420300CE.NFO,02/01/2024,10:28:53,1060,1049.7,120,1054.7,520,0,3720
FINNIFTY02JAN2420300CE.NFO,02/01/2024,10:28:54,1060,1050.4,160,1054.6,160,0,3720
FINNIFTY02JAN2420300CE.NFO,02/01/2024,10:28:56,1060,1049.7,120,1054.25,80,0,3720
FINNIFTY02JAN2420300CE.NFO,02/01/2024,10:28:58,1060,1050,120,1055.55,160,0,3720
FINNIFTY02JAN2420300CE.NFO,02/01/2024,10:28:59,1060,1050.1,120,1054.45,120,0,3720
FINNIFTY02JAN2420300CE.NFO,02/01/2024,10:29:01,1060,1049.1,120,1053.5,200,0,3720
FINNIFTY02JAN2420300CE.NFO,02/01/2024,10:29:03,1060,1049.85,120,1054.05,200,0,3720
FINNIFTY02JAN2420300CE.NFO,02/01/2024,10:29:04,1060,1050.45,360,1057.4,120,0,3720
FINNIFTY02JAN2420300CE.NFO,02/01/2024,10:29:06,1060,1051.8,200,1057.4,120,0,3720
FINNIFTY02JAN2420300CE.NFO,02/01/2024,10:29:08,1060,1051.85,120,1057.4,120,0,3720
FINNIFTY02JAN2420300CE.NFO,02/01/2024,10:29:09,1060,1050.75,120,1057.4,120,0,3720
FINNIFTY02JAN2420300CE.NFO,02/01/2024,10:29:11,1060,1051.15,80,1055.65,200,0,3720
FINNIFTY02JAN2420300CE.NFO,02/01/2024,10:29:13,1060,1052,160,1057.4,280,0,3720
FINNIFTY02JAN2420300CE.NFO,02/01/2024,10:29:14,1060,1052.75,160,1057.1,160,0,3720
FINNIFTY02JAN2420300CE.NFO,02/01/2024,10:29:16,1060,1051.6,80,1056.1,160,0,3720
FINNIFTY02JAN2420300CE.NFO,02/01/2024,10:29:18,1060,1052.4,120,1057,40,0,3720
FINNIFTY02JAN2420300CE.NFO,02/01/2024,10:29:19,1060,1053.1,120,1057.85,160,0,3720
FINNIFTY02JAN2420300CE.NFO,02/01/2024,10:29:21,1060,1053.7,120,1060.55,1280,0,3720
FINNIFTY02JAN2420300CE.NFO,02/01/2024,10:29:23,1060,1055.65,200,1062.8,200,0,3720
FINNIFTY02JAN2420300CE.NFO,02/01/2024,10:29:24,1060,1054.55,80,1059.75,200,0,3720
FINNIFTY02JAN2420300CE.NFO,02/01/2024,10:29:26,1060,1054.05,200,1058.35,120,0,3720
FINNIFTY02JAN2420300CE.NFO,02/01/2024,10:29:28,1060,1053,320,1057.85,280,0,3720
FINNIFTY02JAN2420300CE.NFO,02/01/2024,10:29:29,1060,1051.2,120,1056.9,120,0,3720
FINNIFTY02JAN2420300CE.NFO,02/01/2024,10:29:31,1060,1052.35,200,1057.25,160,0,3720
FINNIFTY02JAN2420300CE.NFO,02/01/2024,10:29:33,1060,1051.5,200,1056.55,360,0,3720
FINNIFTY02JAN2420300CE.NFO,02/01/2024,10:29:34,1060,1052.55,120,1057,240,0,3720
FINNIFTY02JAN2420300CE.NFO,02/01/2024,10:29:36,1060,1051,80,1055.95,160,0,3720
FINNIFTY02JAN2420300CE.NFO,02/01/2024,10:29:38,1060,1051.3,120,1055.55,40,0,3720
FINNIFTY02JAN2420300CE.NFO,02/01/2024,10:29:39,1060,1052.55,80,1058.1,160,0,3720
FINNIFTY02JAN2420300CE.NFO,02/01/2024,10:29:41,1060,1052.35,160,1056.65,200,0,3720
FINNIFTY02JAN2420300CE.NFO,02/01/2024,10:29:43,1060,1051.7,160,1055.95,240,0,3720
FINNIFTY02JAN2420300CE.NFO,02/01/2024,10:29:44,1060,1051.7,40,1057.2,2000,0,3720
FINNIFTY02JAN2420300CE.NFO,02/01/2024,10:29:46,1060,1053.05,80,1057.1,120,0,3720
FINNIFTY02JAN2420300CE.NFO,02/01/2024,10:29:48,1060,1052.9,80,1057.1,120,0,3720
FINNIFTY02JAN2420300CE.NFO,02/01/2024,10:29:49,1060,1051.8,80,1056.1,120,0,3720
FINNIFTY02JAN2420300CE.NFO,02/01/2024,10:29:51,1060,1051.85,80,1056.7,160,0,3720
FINNIFTY02JAN2420300CE.NFO,02/01/2024,10:29:53,1060,1051.7,160,1056.2,200,0,3720
FINNIFTY02JAN2420300CE.NFO,02/01/2024,10:29:54,1060,1050.6,200,1055.5,40,0,3720
FINNIFTY02JAN2420300CE.NFO,02/01/2024,10:29:56,1060,1051,200,1055.75,120,0,3720
FINNIFTY02JAN2420300CE.NFO,02/01/2024,10:29:58,1060,1051,80,1055.4,40,0,3720
FINNIFTY02JAN2420300CE.NFO,02/01/2024,10:29:59,1060,1051.05,200,1056.1,2040,0,3720
FINNIFTY02JAN2420300CE.NFO,02/01/2024,10:30:01,1060,1051.45,200,1058.15,160,0,3720
FINNIFTY02JAN2420300CE.NFO,02/01/2024,10:30:02,1060,1052.2,120,1057.3,120,0,3720
FINNIFTY02JAN2420300CE.NFO,02/01/2024,10:30:04,1060,1053.3,80,1059.5,200,0,3720
FINNIFTY02JAN2420300CE.NFO,02/01/2024,10:30:06,1060,1053.9,200,1062.3,120,0,3720
FINNIFTY02JAN2420300CE.NFO,02/01/2024,10:30:07,1060,1052.9,80,1060,80,0,3720
FINNIFTY02JAN2420300CE.NFO,02/01/2024,10:30:09,1060,1053.9,80,1058.85,80,0,3720
FINNIFTY02JAN2420300CE.NFO,02/01/2024,10:30:11,1060,1052.7,120,1057.5,200,0,3720
FINNIFTY02JAN2420300CE.NFO,02/01/2024,10:30:12,1060,1053.05,200,1058.35,40,0,3720
FINNIFTY02JAN2420300CE.NFO,02/01/2024,10:30:14,1060,1054.7,200,1060.5,80,0,3720
FINNIFTY02JAN2420300CE.NFO,02/01/2024,10:30:16,1060,1055.3,200,1060.35,120,0,3720
FINNIFTY02JAN2420300CE.NFO,02/01/2024,10:30:17,1060,1055.9,80,1060.9,120,0,3720
FINNIFTY02JAN2420300CE.NFO,02/01/2024,10:30:19,1060,1056.95,160,1062.65,560,0,3720
FINNIFTY02JAN2420300CE.NFO,02/01/2024,10:30:20,1060,1057.85,160,1065.7,200,0,3720
FINNIFTY02JAN2420300CE.NFO,02/01/2024,10:30:22,1060,1060,80,1065.4,160,0,3720
FINNIFTY02JAN2420300CE.NFO,02/01/2024,10:30:24,1060,1056.5,120,1064.5,160,0,3720
FINNIFTY02JAN2420300CE.NFO,02/01/2024,10:30:25,1060,1058.2,200,1063.5,400,0,3720
FINNIFTY02JAN2420300CE.NFO,02/01/2024,10:30:27,1060,1058.2,200,1063.65,200,0,3720
FINNIFTY02JAN2420300CE.NFO,02/01/2024,10:30:29,1060,1058.3,80,1062.85,40,0,3720
FINNIFTY02JAN2420300CE.NFO,02/01/2024,10:30:30,1060,1058.1,80,1063.1,160,0,3720
FINNIFTY02JAN2420300CE.NFO,02/01/2024,10:30:32,1060,1059.1,200,1064.95,120,0,3720
FINNIFTY02JAN2420300CE.NFO,02/01/2024,10:30:34,1060,1059.95,160,1065.5,200,0,3720
FINNIFTY02JAN2420300CE.NFO,02/01/2024,10:30:35,1060,1059.1,880,1064.8,520,0,3720
FINNIFTY02JAN2420300CE.NFO,02/01/2024,10:30:37,1060,1057.6,120,1063.85,120,0,3720
FINNIFTY02JAN2420300CE.NFO,02/01/2024,10:30:39,1060,1059.8,200,1064.65,40,0,3720
FINNIFTY02JAN2420300CE.NFO,02/01/2024,10:30:40,1060,1060.8,160,1069.05,120,0,3720
FINNIFTY02JAN2420300CE.NFO,02/01/2024,10:30:42,1060,1058.55,160,1066.4,160,0,3720
FINNIFTY02JAN2420300CE.NFO,02/01/2024,10:30:44,1060,1060.85,80,1065.8,160,0,3720
FINNIFTY02JAN2420300CE.NFO,02/01/2024,10:30:45,1060,1060.7,320,1066.2,320,0,3720
FINNIFTY02JAN2420300CE.NFO,02/01/2024,10:30:47,1060,1061.65,200,1069.05,200,0,3720
FINNIFTY02JAN2420300CE.NFO,02/01/2024,10:30:49,1060,1062.1,1040,1069.05,200,0,3720
FINNIFTY02JAN2420300CE.NFO,02/01/2024,10:30:50,1060,1059.8,440,1067.65,120,0,3720
FINNIFTY02JAN2420300CE.NFO,02/01/2024,10:30:52,1060,1060.8,160,1065.9,160,0,3720
FINNIFTY02JAN2420300CE.NFO,02/01/2024,10:30:54,1060,1061.6,80,1067.4,200,0,3720
FINNIFTY02JAN2420300CE.NFO,02/01/2024,10:30:55,1060,1060.8,200,1067.3,360,0,3720
FINNIFTY02JAN2420300CE.NFO,02/01/2024,10:30:57,1060,1062.75,160,1069.25,120,0,3720
FINNIFTY02JAN2420300CE.NFO,02/01/2024,10:30:59,1060,1060.45,200,1068.65,160,0,3720
FINNIFTY02JAN2420300CE.NFO,02/01/2024,10:31:00,1060,1061.95,240,1068.2,920,0,3720
FINNIFTY02JAN2420300CE.NFO,02/01/2024,10:31:02,1060,1062.2,200,1067.05,200,0,3720
FINNIFTY02JAN2420300CE.NFO,02/01/2024,10:31:04,1060,1062.35,80,1067.25,160,0,3720
FINNIFTY02JAN2420300CE.NFO,02/01/2024,10:31:05,1060,1062.95,160,1072.45,2640,0,3720
FINNIFTY02JAN2420300CE.NFO,02/01/2024,10:31:07,1060,1061.25,120,1067.7,120,0,3720
FINNIFTY02JAN2420300CE.NFO,02/01/2024,10:31:09,1060,1061.75,40,1066.85,160,0,3720
FINNIFTY02JAN2420300CE.NFO,02/01/2024,10:31:10,1060,1062.45,160,1067.15,120,0,3720
FINNIFTY02JAN2420300CE.NFO,02/01/2024,10:31:12,1060,1062.95,80,1069.65,2920,0,3720
FINNIFTY02JAN2420300CE.NFO,02/01/2024,10:31:14,1060,1060.1,200,1069.65,2920,0,3720
FINNIFTY02JAN2420300CE.NFO,02/01/2024,10:31:15,1060,1061.45,80,1066.1,160,0,3720
FINNIFTY02JAN2420300CE.NFO,02/01/2024,10:31:17,1060,1062.05,160,1066.55,800,0,3720
FINNIFTY02JAN2420300CE.NFO,02/01/2024,10:31:19,1060,1061.55,200,1065.85,160,0,3720
FINNIFTY02JAN2420300CE.NFO,02/01/2024,10:31:20,1060,1061.35,160,1065.95,560,0,3720
FINNIFTY02JAN2420300CE.NFO,02/01/2024,10:31:22,1060,1061.65,80,1066.45,2280,0,3720
FINNIFTY02JAN2420300CE.NFO,02/01/2024,10:31:24,1060,1061.35,160,1065.8,360,0,3720
FINNIFTY02JAN2420300CE.NFO,02/01/2024,10:31:25,1060,1061.65,160,1067.2,2840,0,3720
FINNIFTY02JAN2420300CE.NFO,02/01/2024,10:31:27,1060,1061.75,160,1066,120,0,3720
FINNIFTY02JAN2420300CE.NFO,02/01/2024,10:31:29,1060,1061.5,400,1065.7,40,0,3720
FINNIFTY02JAN2420300CE.NFO,02/01/2024,10:31:30,1060,1062.1,160,1067.85,200,0,3720
FINNIFTY02JAN2420300CE.NFO,02/01/2024,10:31:32,1060,1063.2,160,1067.6,160,0,3720
FINNIFTY02JAN2420300CE.NFO,02/01/2024,10:31:34,1060,1064.55,160,1072.25,1000,0,3720
FINNIFTY02JAN2420300CE.NFO,02/01/2024,10:31:35,1060,1066.2,80,1077.4,40,0,3720
FINNIFTY02JAN2420300CE.NFO,02/01/2024,10:31:37,1060,1066.8,160,1076.1,320,0,3720
FINNIFTY02JAN2420300CE.NFO,02/01/2024,10:31:39,1060,1068.7,200,1077.3,200,0,3720
FINNIFTY02JAN2420300CE.NFO,02/01/2024,10:31:40,1060,1070.25,120,1076.8,160,0,3720
FINNIFTY02JAN2420300CE.NFO,02/01/2024,10:31:42,1060,1071.2,160,1077,160,0,3720
FINNIFTY02JAN2420300CE.NFO,02/01/2024,10:31:44,1060,1064.05,280,1075.7,200,0,3720
FINNIFTY02JAN2420300CE.NFO,02/01/2024,10:31:45,1060,1070.95,80,1076.75,1360,0,3720
FINNIFTY02JAN2420300CE.NFO,02/01/2024,10:31:47,1060,1070.5,200,1083.05,160,0,3720
FINNIFTY02JAN2420300CE.NFO,02/01/2024,10:31:49,1060,1071.8,160,1087.95,160,0,3720
FINNIFTY02JAN2420300CE.NFO,02/01/2024,10:31:50,1060,1073.45,240,1086.15,200,0,3720
FINNIFTY02JAN2420300CE.NFO,02/01/2024,10:31:52,1060,1074.15,280,1080.45,120,0,3720
FINNIFTY02JAN2420300CE.NFO,02/01/2024,10:31:54,1060,1074.4,200,1079.9,480,0,3720
FINNIFTY02JAN2420300CE.NFO,02/01/2024,10:31:55,1060,1075,160,1081.05,2400,0,3720
FINNIFTY02JAN2420300CE.NFO,02/01/2024,10:31:57,1060,1075.5,40,1081.05,200,0,3720
FINNIFTY02JAN2420300CE.NFO,02/01/2024,10:31:59,1060,1075.15,160,1080.25,120,0,3720
FINNIFTY02JAN2420300CE.NFO,02/01/2024,10:32:00,1060,1073.35,120,1080.05,160,0,3720
FINNIFTY02JAN2420300CE.NFO,02/01/2024,10:32:02,1060,1075,160,1082.7,120,0,3720
FINNIFTY02JAN2420300CE.NFO,02/01/2024,10:32:04,1060,1074.2,400,1081.4,120,0,3720
FINNIFTY02JAN2420300CE.NFO,02/01/2024,10:32:05,1060,1073.95,80,1079.4,200,0,3720
FINNIFTY02JAN2420300CE.NFO,02/01/2024,10:32:07,1060,1072.35,40,1078.35,120,0,3720
FINNIFTY02JAN2420300CE.NFO,02/01/2024,10:32:09,1060,1070.9,120,1076.9,120,0,3720
FINNIFTY02JAN2420300CE.NFO,02/01/2024,10:32:10,1060,1070.2,200,1075.55,200,0,3720
FINNIFTY02JAN2420300CE.NFO,02/01/2024,10:32:12,1060,1070.65,120,1075.8,240,0,3720
FINNIFTY02JAN2420300CE.NFO,02/01/2024,10:32:13,1060,1070.45,920,1075.6,160,0,3720
FINNIFTY02JAN2420300CE.NFO,02/01/2024,10:32:15,1060,1070.5,160,1074.9,40,0,3720
FINNIFTY02JAN2420300CE.NFO,02/01/2024,10:32:17,1060,1070.6,80,1075.45,160,0,3720
FINNIFTY02JAN2420300CE.NFO,02/01/2024,10:32:18,1060,1071.2,200,1076.4,440,0,3720
FINNIFTY02JAN2420300CE.NFO,02/01/2024,10:32:20,1060,1067.65,200,1075.45,120,0,3720
FINNIFTY02JAN2420300CE.NFO,02/01/2024,10:32:22,1060,1068.1,160,1073.35,200,0,3720
FINNIFTY02JAN2420300CE.NFO,02/01/2024,10:32:23,1060,1068.65,200,1074.35,240,0,3720
FINNIFTY02JAN2420300CE.NFO,02/01/2024,10:32:25,1060,1067.1,720,1074.25,200,0,3720
FINNIFTY02JAN2420300CE.NFO,02/01/2024,10:32:27,1060,1066.65,200,1071.6,40,0,3720
FINNIFTY02JAN2420300CE.NFO,02/01/2024,10:32:28,1060,1067.2,80,1072.35,120,0,3720
FINNIFTY02JAN2420300CE.NFO,02/01/2024,10:32:30,1060,1065.8,200,1070.95,40,0,3720
FINNIFTY02JAN2420300CE.NFO,02/01/2024,10:32:32,1060,1065.35,80,1070.05,200,0,3720
FINNIFTY02JAN2420300CE.NFO,02/01/2024,10:32:33,1060,1065.45,120,1070.45,160,0,3720
FINNIFTY02JAN2420300CE.NFO,02/01/2024,10:32:35,1060,1064.7,120,1069.35,120,0,3720
FINNIFTY02JAN2420300CE.NFO,02/01/2024,10:32:37,1060,1065,120,1069.95,1240,0,3720
FINNIFTY02JAN2420300CE.NFO,02/01/2024,10:32:38,1060,1064.35,200,1069.15,120,0,3720
FINNIFTY02JAN2420300CE.NFO,02/01/2024,10:32:40,1060,1063.55,80,1068.5,40,0,3720
FINNIFTY02JAN2420300CE.NFO,02/01/2024,10:32:42,1060,1063.95,200,1069,120,0,3720
FINNIFTY02JAN2420300CE.NFO,02/01/2024,10:32:43,1060,1062.8,120,1067.75,160,0,3720
FINNIFTY02JAN2420300CE.NFO,02/01/2024,10:32:45,1060,1063.35,120,1071.15,120,0,3720
FINNIFTY02JAN2420300CE.NFO,02/01/2024,10:32:47,1060,1063.6,80,1068.95,120,0,3720
FINNIFTY02JAN2420300CE.NFO,02/01/2024,10:32:48,1060,1062.25,160,1067.4,160,0,3720
FINNIFTY02JAN2420300CE.NFO,02/01/2024,10:32:50,1060,1062.45,80,1067.25,1600,0,3720
FINNIFTY02JAN2420300CE.NFO,02/01/2024,10:32:52,1060,1062.65,200,1067.1,320,0,3720
FINNIFTY02JAN2420300CE.NFO,02/01/2024,10:32:53,1060,1062.65,160,1067.15,120,0,3720
FINNIFTY02JAN2420300CE.NFO,02/01/2024,10:32:55,1060,1063.6,160,1069.6,160,0,3720
FINNIFTY02JAN2420300CE.NFO,02/01/2024,10:32:57,1060,1064.1,120,1069.45,320,0,3720
FINNIFTY02JAN2420300CE.NFO,02/01/2024,10:32:58,1060,1064.8,80,1070.1,1000,0,3720
FINNIFTY02JAN2420300CE.NFO,02/01/2024,10:33:00,1060,1065.45,160,1070.3,160,0,3720
FINNIFTY02JAN2420300CE.NFO,02/01/2024,10:33:02,1060,1064.5,160,1069,80,0,3720
FINNIFTY02JAN2420300CE.NFO,02/01/2024,10:33:03,1060,1065.15,80,1069.65,2560,0,3720
FINNIFTY02JAN2420300CE.NFO,02/01/2024,10:33:05,1060,1064.25,200,1069.55,200,0,3720
FINNIFTY02JAN2420300CE.NFO,02/01/2024,10:33:06,1060,1065.15,200,1076.15,40,0,3720
FINNIFTY02JAN2420300CE.NFO,02/01/2024,10:33:08,1060,1065.75,120,1071.85,160,0,3720
FINNIFTY02JAN2420300CE.NFO,02/01/2024,10:33:10,1060,1066.15,200,1071.35,320,0,3720
FINNIFTY02JAN2420300CE.NFO,02/01/2024,10:33:11,1060,1066.85,80,1072.7,80,0,3720
FINNIFTY02JAN2420300CE.NFO,02/01/2024,10:33:13,1060,1066.85,160,1071.2,40,0,3720
FINNIFTY02JAN2420300CE.NFO,02/01/2024,10:33:15,1060,1066.4,80,1070.75,40,0,3720
FINNIFTY02JAN2420300CE.NFO,02/01/2024,10:33:16,1060,1066.2,200,1071,160,0,3720
FINNIFTY02JAN2420300CE.NFO,02/01/2024,10:33:18,1060,1066.5,200,1072.05,120,0,3720
FINNIFTY02JAN2420300CE.NFO,02/01/2024,10:33:20,1060,1066.55,160,1071.5,360,0,3720
FINNIFTY02JAN2420300CE.NFO,02/01/2024,10:33:21,1060,1067.45,80,1075.15,200,0,3720
FINNIFTY02JAN2420300CE.NFO,02/01/2024,10:33:23,1060,1068.25,200,1075.05,120,0,3720
FINNIFTY02JAN2420300CE.NFO,02/01/2024,10:33:25,1060,1067.35,160,1072.05,120,0,3720
FINNIFTY02JAN2420300CE.NFO,02/01/2024,10:33:26,1060,1066.35,200,1071.45,200,0,3720
FINNIFTY02JAN2420300CE.NFO,02/01/2024,10:33:28,1060,1066.9,80,1071.35,280,0,3720
FINNIFTY02JAN2420300CE.NFO,02/01/2024,10:33:30,1060,1065.05,200,1070.4,160,0,3720
FINNIFTY02JAN2420300CE.NFO,02/01/2024,10:33:31,1060,1065.05,200,1069.9,120,0,3720
FINNIFTY02JAN2420300CE.NFO,02/01/2024,10:33:33,1060,1063.65,160,1069.1,40,0,3720
FINNIFTY02JAN2420300CE.NFO,02/01/2024,10:33:34,1060,1062.6,1880,1068.4,200,0,3720
FINNIFTY02JAN2420300CE.NFO,02/01/2024,10:33:36,1060,1062.8,160,1068.1,120,0,3720
FINNIFTY02JAN2420300CE.NFO,02/01/2024,10:33:38,1060,1063.25,160,1067.75,40,0,3720
FINNIFTY02JAN2420300CE.NFO,02/01/2024,10:33:39,1060,1063.35,160,1068,120,0,3720
FINNIFTY02JAN2420300CE.NFO,02/01/2024,10:33:41,1060,1063.8,80,1068.7,160,0,3720
FINNIFTY02JAN2420300CE.NFO,02/01/2024,10:33:43,1060,1062.55,40,1068.05,160,0,3720
FINNIFTY02JAN2420300CE.NFO,02/01/2024,10:33:44,1060,1063.25,80,1068,120,0,3720
FINNIFTY02JAN2420300CE.NFO,02/01/2024,10:33:46,1060,1063.55,200,1067.85,40,0,3720
FINNIFTY02JAN2420300CE.NFO,02/01/2024,10:33:47,1060,1062.6,160,1067.15,200,0,3720
FINNIFTY02JAN2420300CE.NFO,02/01/2024,10:33:49,1060,1063.25,200,1070.6,2400,0,3720
FINNIFTY02JAN2420300CE.NFO,02/01/2024,10:33:51,1060,1063.5,80,1068.9,80,0,3720
FINNIFTY02JAN2420300CE.NFO,02/01/2024,10:33:52,1060,1063.45,200,1068,120,0,3720
FINNIFTY02JAN2420300CE.NFO,02/01/2024,10:33:54,1060,1062.45,320,1067.15,120,0,3720
FINNIFTY02JAN2420300CE.NFO,02/01/2024,10:33:56,1060,1062.55,120,1066.8,40,0,3720
FINNIFTY02JAN2420300CE.NFO,02/01/2024,10:33:57,1060,1062.45,160,1067.35,80,0,3720
FINNIFTY02JAN2420300CE.NFO,02/01/2024,10:33:59,1060,1061.7,200,1067,120,0,3720
FINNIFTY02JAN2420300CE.NFO,02/01/2024,10:34:01,1060,1062.7,200,1071.6,360,0,3720
FINNIFTY02JAN2420300CE.NFO,02/01/2024,10:34:02,1060,1063.45,200,1069.4,120,0,3720
FINNIFTY02JAN2420300CE.NFO,02/01/2024,10:34:04,1060,1062.9,200,1067.9,40,0,3720
FINNIFTY02JAN2420300CE.NFO,02/01/2024,10:34:05,1060,1062.55,160,1067.3,160,0,3720
FINNIFTY02JAN2420300CE.NFO,02/01/2024,10:34:07,1060,1061.5,200,1066.8,280,0,3720
FINNIFTY02JAN2420300CE.NFO,02/01/2024,10:34:09,1060,1061.95,200,1066.5,200,0,3720
FINNIFTY02JAN2420300CE.NFO,02/01/2024,10:34:10,1060,1061.9,120,1066.9,80,0,3720
FINNIFTY02JAN2420300CE.NFO,02/01/2024,10:34:12,1060,1062,120,1066.9,120,0,3720
FINNIFTY02JAN2420300CE.NFO,02/01/2024,10:34:14,1060,1062.8,80,1067.3,160,0,3720
FINNIFTY02JAN2420300CE.NFO,02/01/2024,10:34:15,1060,1063.6,160,1068.7,40,0,3720
FINNIFTY02JAN2420300CE.NFO,02/01/2024,10:34:17,1060,1064.65,80,1069.25,480,0,3720
FINNIFTY02JAN2420300CE.NFO,02/01/2024,10:34:19,1060,1064.55,200,1068.85,120,0,3720
FINNIFTY02JAN2420300CE.NFO,02/01/2024,10:34:20,1060,1064.75,80,1069.15,40,0,3720
FINNIFTY02JAN2420300CE.NFO,02/01/2024,10:34:22,1060,1065.2,120,1070.1,120,0,3720
FINNIFTY02JAN2420300CE.NFO,02/01/2024,10:34:23,1060,1065.5,120,1070.1,120,0,3720
FINNIFTY02JAN2420300CE.NFO,02/01/2024,10:34:25,1060,1065.5,520,1070.15,120,0,3720
FINNIFTY02JAN2420300CE.NFO,02/01/2024,10:34:27,1060,1066.1,160,1070.6,120,0,3720
FINNIFTY02JAN2420300CE.NFO,02/01/2024,10:34:28,1060,1065.9,120,1073.45,200,0,3720
FINNIFTY02JAN2420300CE.NFO,02/01/2024,10:34:30,1060,1065.8,160,1070.4,680,0,3720
FINNIFTY02JAN2420300CE.NFO,02/01/2024,10:34:32,1060,1066.2,160,1070.65,1720,0,3720
FINNIFTY02JAN2420300CE.NFO,02/01/2024,10:34:33,1060,1066.4,160,1070.65,160,0,3720
FINNIFTY02JAN2420300CE.NFO,02/01/2024,10:34:35,1060,1066.2,160,1073.8,2760,0,3720
FINNIFTY02JAN2420300CE.NFO,02/01/2024,10:34:37,1060,1065.45,200,1073.8,2760,0,3720
FINNIFTY02JAN2420300CE.NFO,02/01/2024,10:34:38,1060,1065.95,200,1071,120,0,3720
FINNIFTY02JAN2420300CE.NFO,02/01/2024,10:34:40,1060,1065.95,160,1070.15,200,0,3720
FINNIFTY02JAN2420300CE.NFO,02/01/2024,10:34:41,1060,1063.25,80,1068,160,0,3720
FINNIFTY02JAN2420300CE.NFO,02/01/2024,10:34:43,1060,1063.45,160,1067.85,160,0,3720
FINNIFTY02JAN2420300CE.NFO,02/01/2024,10:34:45,1060,1063.65,160,1068.95,120,0,3720
FINNIFTY02JAN2420300CE.NFO,02/01/2024,10:34:46,1060,1062.8,200,1067.65,40,0,3720
FINNIFTY02JAN2420300CE.NFO,02/01/2024,10:34:48,1060,1062.3,80,1066.85,120,0,3720
FINNIFTY02JAN2420300CE.NFO,02/01/2024,10:34:50,1060,1061.45,160,1067.25,80,0,3720
FINNIFTY02JAN2420300CE.NFO,02/01/2024,10:34:51,1060,1063.4,200,1068.35,120,0,3720
FINNIFTY02JAN2420300CE.NFO,02/01/2024,10:34:53,1060,1062.75,120,1067.35,440,0,3720
FINNIFTY02JAN2420300CE.NFO,02/01/2024,10:34:55,1060,1062.65,280,1066.9,200,0,3720
FINNIFTY02JAN2420300CE.NFO,02/01/2024,10:34:56,1060,1062.85,80,1067.25,40,0,3720
FINNIFTY02JAN2420300CE.NFO,02/01/2024,10:34:58,1060,1062.9,120,1077.5,2880,0,3720
FINNIFTY02JAN2420300CE.NFO,02/01/2024,10:34:59,1060,1063.2,120,1067.95,160,0,3720
FINNIFTY02JAN2420300CE.NFO,02/01/2024,10:35:01,1060,1063.5,40,1068.2,120,0,3720
FINNIFTY02JAN2420300CE.NFO,02/01/2024,10:35:03,1060,1064.4,120,1069.95,2720,0,3720
FINNIFTY02JAN2420300CE.NFO,02/01/2024,10:35:04,1060,1064.15,120,1069.95,2720,0,3720
FINNIFTY02JAN2420300CE.NFO,02/01/2024,10:35:06,1060,1063.4,120,1069.9,200,0,3720
FINNIFTY02JAN2420300CE.NFO,02/01/2024,10:35:08,1060,1062.5,200,1067.9,120,0,3720
FINNIFTY02JAN2420300CE.NFO,02/01/2024,10:35:09,1060,1061.25,80,1066.8,160,0,3720
FINNIFTY02JAN2420300CE.NFO,02/01/2024,10:35:11,1060,1060.7,200,1065.4,160,0,3720
FINNIFTY02JAN2420300CE.NFO,02/01/2024,10:35:13,1060,1061.45,160,1108.75,200,0,3720
FINNIFTY02JAN2420300CE.NFO,02/01/2024,10:35:14,1060,1062.8,120,1068.9,40,0,3720
FINNIFTY02JAN2420300CE.NFO,02/01/2024,10:35:16,1060,1063.3,80,1067.9,200,0,3720
FINNIFTY02JAN2420300CE.NFO,02/01/2024,10:35:18,1060,1063.5,160,1067.6,80,0,3720
FINNIFTY02JAN2420300CE.NFO,02/01/2024,10:35:19,1060,1062.3,120,1068.5,80,0,3720
FINNIFTY02JAN2420300CE.NFO,02/01/2024,10:35:21,1060,1062.85,200,1067.35,120,0,3720
FINNIFTY02JAN2420300CE.NFO,02/01/2024,10:35:22,1060,1060.6,80,1066.45,120,0,3720
FINNIFTY02JAN2420300CE.NFO,02/01/2024,10:35:24,1060,1061.65,80,1066.25,160,0,3720
FINNIFTY02JAN2420300CE.NFO,02/01/2024,10:35:26,1060,1062.65,120,1067.7,560,0,3720
FINNIFTY02JAN2420300CE.NFO,02/01/2024,10:35:27,1060,1062.55,160,1066.95,120,0,3720
FINNIFTY02JAN2420300CE.NFO,02/01/2024,10:35:29,1060,1061.6,200,1066.7,160,0,3720
FINNIFTY02JAN2420300CE.NFO,02/01/2024,10:35:31,1060,1063.3,160,1067.5,120,0,3720
FINNIFTY02JAN2420300CE.NFO,02/01/2024,10:35:32,1060,1062.5,120,1067.05,120,0,3720
FINNIFTY02JAN2420300CE.NFO,02/01/2024,10:35:34,1060,1062.7,200,1108.9,2920,0,3720
FINNIFTY02JAN2420300CE.NFO,02/01/2024,10:35:36,1060,1061.95,160,1067.35,280,0,3720
FINNIFTY02JAN2420300CE.NFO,02/01/2024,10:35:37,1060,1062.45,80,1067,120,0,3720
FINNIFTY02JAN2420300CE.NFO,02/01/2024,10:35:39,1060,1061.1,200,1066.3,120,0,3720
FINNIFTY02JAN2420300CE.NFO,02/01/2024,10:35:41,1060,1062.15,80,1067.95,80,0,3720
FINNIFTY02JAN2420300CE.NFO,02/01/2024,10:35:42,1060,1062.65,160,1067.1,40,0,3720
FINNIFTY02JAN2420300CE.NFO,02/01/2024,10:35:44,1060,1062.55,120,1066.75,40,0,3720
FINNIFTY02JAN2420300CE.NFO,02/01/2024,10:35:46,1060,1062.2,80,1066.3,120,0,3720
FINNIFTY02JAN2420300CE.NFO,02/01/2024,10:35:47,1060,1061.8,160,1066.05,40,0,3720
FINNIFTY02JAN2420300CE.NFO,02/01/2024,10:35:49,1060,1061.7,80,1068.8,200,0,3720
FINNIFTY02JAN2420300CE.NFO,02/01/2024,10:35:51,1060,1062.85,160,1068.7,2280,0,3720
FINNIFTY02JAN2420300CE.NFO,02/01/2024,10:35:52,1060,1062.65,80,1067.45,200,0,3720
FINNIFTY02JAN2420300CE.NFO,02/01/2024,10:35:54,1060,1062.5,200,1066.85,200,0,3720
FINNIFTY02JAN2420300CE.NFO,02/01/2024,10:35:56,1060,1062.05,120,1067.3,200,0,3720
FINNIFTY02JAN2420300CE.NFO,02/01/2024,10:35:58,1060,1062.35,200,1067.95,320,0,3720
FINNIFTY02JAN2420300CE.NFO,02/01/2024,10:35:59,1060,1063.25,200,1068.5,1960,0,3720
FINNIFTY02JAN2420300CE.NFO,02/01/2024,10:36:01,1060,1061.2,120,1068.4,320,0,3720
FINNIFTY02JAN2420300CE.NFO,02/01/2024,10:36:03,1060,1062.8,120,1068.4,320,0,3720
FINNIFTY02JAN2420300CE.NFO,02/01/2024,10:36:04,1060,1063.55,120,1070.25,2600,0,3720
FINNIFTY02JAN2420300CE.NFO,02/01/2024,10:36:06,1060,1064.45,80,1070.2,200,0,3720
FINNIFTY02JAN2420300CE.NFO,02/01/2024,10:36:08,1060,1062.8,80,1068.2,160,0,3720
FINNIFTY02JAN2420300CE.NFO,02/01/2024,10:36:09,1060,1062.8,200,1067.05,120,0,3720
FINNIFTY02JAN2420300CE.NFO,02/01/2024,10:36:11,1060,1061.7,80,1066.55,360,0,3720
FINNIFTY02JAN2420300CE.NFO,02/01/2024,10:36:13,1060,1060.7,200,1065.9,160,0,3720
FINNIFTY02JAN2420300CE.NFO,02/01/2024,10:36:14,1060,1060.7,280,1068.3,200,0,3720
FINNIFTY02JAN2420300CE.NFO,02/01/2024,10:36:16,1060,1062.4,120,1066.9,480,0,3720
FINNIFTY02JAN2420300CE.NFO,02/01/2024,10:36:18,1060,1061.6,80,1066.25,120,0,3720
FINNIFTY02JAN2420300CE.NFO,02/01/2024,10:36:19,1060,1061.85,80,1065.95,40,0,3720
FINNIFTY02JAN2420300CE.NFO,02/01/2024,10:36:21,1060,1060.35,160,1065.05,200,0,3720
FINNIFTY02JAN2420300CE.NFO,02/01/2024,10:36:23,1060,1060.55,200,1065.1,120,0,3720
FINNIFTY02JAN2420300CE.NFO,02/01/2024,10:36:24,1060,1059.4,120,1064.25,200,0,3720
FINNIFTY02JAN2420300CE.NFO,02/01/2024,10:36:26,1060,1058.9,200,1064.4,960,0,3720
FINNIFTY02JAN2420300CE.NFO,02/01/2024,10:36:28,1060,1054.7,280,1063.45,120,0,3720
FINNIFTY02JAN2420300CE.NFO,02/01/2024,10:36:29,1060,1055.6,80,1061.75,120,0,3720
FINNIFTY02JAN2420300CE.NFO,02/01/2024,10:36:31,1060,1051.25,1040,1060.55,200,0,3720
FINNIFTY02JAN2420300CE.NFO,02/01/2024,10:36:32,1060,1051.8,160,1058.65,120,0,3720
FINNIFTY02JAN2420300CE.NFO,02/01/2024,10:36:34,1060,1052.95,120,1058.45,80,0,3720
FINNIFTY02JAN2420300CE.NFO,02/01/2024,10:36:36,1060,1051.25,1080,1060.6,80,0,3720
FINNIFTY02JAN2420300CE.NFO,02/01/2024,10:36:37,1060,1051.8,120,1058.25,80,0,3720
FINNIFTY02JAN2420300CE.NFO,02/01/2024,10:36:39,1060,1050.25,160,1056.7,160,0,3720
FINNIFTY02JAN2420300CE.NFO,02/01/2024,10:36:41,1060,1051.55,200,1072.4,200,0,3720
FINNIFTY02JAN2420300CE.NFO,02/01/2024,10:36:42,1060,1049.2,160,1058.05,160,0,3720
FINNIFTY02JAN2420300CE.NFO,02/01/2024,10:36:44,1060,1048.65,40,1056.65,40,0,3720
FINNIFTY02JAN2420300CE.NFO,02/01/2024,10:36:46,1060,1049.45,200,1055.05,120,0,3720
FINNIFTY02JAN2420300CE.NFO,02/01/2024,10:36:47,1060,1048.8,160,1056.65,120,0,3720
FINNIFTY02JAN2420300CE.NFO,02/01/2024,10:36:49,1060,1044.9,200,1053.8,120,0,3720
FINNIFTY02JAN2420300CE.NFO,02/01/2024,10:36:51,1060,1045.5,200,1052.2,200,0,3720
FINNIFTY02JAN2420300CE.NFO,02/01/2024,10:36:52,1060,1046.15,200,1051.65,240,0,3720
FINNIFTY02JAN2420300CE.NFO,02/01/2024,10:36:54,1060,1042.7,200,1050.35,200,0,3720
FINNIFTY02JAN2420300CE.NFO,02/01/2024,10:36:56,1060,1043.05,80,1049.2,120,0,3720
FINNIFTY02JAN2420300CE.NFO,02/01/2024,10:36:57,1060,1043.65,80,1049.6,160,0,3720
FINNIFTY02JAN2420300CE.NFO,02/01/2024,10:36:59,1060,1044.5,80,1069.85,160,0,3720
FINNIFTY02JAN2420300CE.NFO,02/01/2024,10:37:01,1060,1042.8,360,1068.6,160,0,3720
FINNIFTY02JAN2420300CE.NFO,02/01/2024,10:37:02,1060,1044.65,160,1066.1,280,0,3720
FINNIFTY02JAN2420300CE.NFO,02/01/2024,10:37:04,1060,1046.35,160,1063.9,200,0,3720
FINNIFTY02JAN2420300CE.NFO,02/01/2024,10:37:06,1060,1048.15,160,1061.9,280,0,3720
FINNIFTY02JAN2420300CE.NFO,02/01/2024,10:37:07,1060,1048.15,80,1053.1,40,0,3720
FINNIFTY02JAN2420300CE.NFO,02/01/2024,10:37:09,1060,1047.75,600,1053.85,200,0,3720
FINNIFTY02JAN2420300CE.NFO,02/01/2024,10:37:11,1060,1045.1,280,1051.8,200,0,3720
FINNIFTY02JAN2420300CE.NFO,02/01/2024,10:37:12,1060,1047.35,160,1053.35,120,0,3720
FINNIFTY02JAN2420300CE.NFO,02/01/2024,10:37:14,1060,1048.55,200,1056.4,200,0,3720
FINNIFTY02JAN2420300CE.NFO,02/01/2024,10:37:16,1060,1048.75,80,1056.4,200,0,3720
FINNIFTY02JAN2420300CE.NFO,02/01/2024,10:37:17,1060,1047.75,120,1056.4,200,0,3720
FINNIFTY02JAN2420300CE.NFO,02/01/2024,10:37:19,1060,1048.55,160,1056.4,200,0,3720
FINNIFTY02JAN2420300CE.NFO,02/01/2024,10:37:21,1060,1044.8,200,1056.4,200,0,3720
FINNIFTY02JAN2420300CE.NFO,02/01/2024,10:37:22,1060,1047.15,80,1056.4,200,0,3720
FINNIFTY02JAN2420300CE.NFO,02/01/2024,10:37:24,1060,1048.1,80,1056.4,200,0,3720
FINNIFTY02JAN2420300CE.NFO,02/01/2024,10:37:26,1060,1048.6,120,1054.8,120,0,3720
FINNIFTY02JAN2420300CE.NFO,02/01/2024,10:37:27,1060,1049.6,600,1054.65,40,0,3720
FINNIFTY02JAN2420300CE.NFO,02/01/2024,10:37:29,1060,1050.65,80,1057.7,200,0,3720
FINNIFTY02JAN2420300CE.NFO,02/01/2024,10:37:31,1060,1051.2,200,1056.15,80,0,3720
FINNIFTY02JAN2420300CE.NFO,02/01/2024,10:37:32,1060,1051.5,200,1056.7,320,0,3720
FINNIFTY02JAN2420300CE.NFO,02/01/2024,10:37:34,1060,1051.8,80,1060.2,160,0,3720
FINNIFTY02JAN2420300CE.NFO,02/01/2024,10:37:36,1060,1053.5,200,1058.5,160,0,3720
FINNIFTY02JAN2420300CE.NFO,02/01/2024,10:37:37,1060,1053.9,200,1058.4,240,0,3720
FINNIFTY02JAN2420300CE.NFO,02/01/2024,10:37:39,1060,1052.85,320,1058.35,480,0,3720
FINNIFTY02JAN2420300CE.NFO,02/01/2024,10:37:41,1060,1053.8,160,1058.2,160,0,3720
FINNIFTY02JAN2420300CE.NFO,02/01/2024,10:37:42,1060,1053.45,120,1058.8,120,0,3720
FINNIFTY02JAN2420300CE.NFO,02/01/2024,10:37:44,1060,1054.05,40,1059.1,160,0,3720
FINNIFTY02JAN2420300CE.NFO,02/01/2024,10:37:46,1060,1042.65,1040,1058.3,120,0,3720
FINNIFTY02JAN2420300CE.NFO,02/01/2024,10:37:47,1060,1043.15,200,1056.25,200,0,3720
FINNIFTY02JAN2420300CE.NFO,02/01/2024,10:37:49,1060,1051.45,600,1056.5,600,0,3720
FINNIFTY02JAN2420300CE.NFO,02/01/2024,10:37:51,1060,1052.05,200,1059.45,200,0,3720
FINNIFTY02JAN2420300CE.NFO,02/01/2024,10:37:52,1060,1050.9,160,1055.5,200,0,3720
FINNIFTY02JAN2420300CE.NFO,02/01/2024,10:37:54,1060,1050,200,1055.05,160,0,3720
FINNIFTY02JAN2420300CE.NFO,02/01/2024,10:37:56,1060,1050.8,80,1056.15,200,0,3720
FINNIFTY02JAN2420300CE.NFO,02/01/2024,10:37:57,1060,1051.1,160,1055.7,120,0,3720
FINNIFTY02JAN2420300CE.NFO,02/01/2024,10:37:59,1060,1050.7,200,1055.2,160,0,3720
FINNIFTY02JAN2420300CE.NFO,02/01/2024,10:38:00,1060,1051.1,80,1056.35,1560,0,3720
FINNIFTY02JAN2420300CE.NFO,02/01/2024,10:38:02,1060,1052.1,160,1063.3,80,0,3720
FINNIFTY02JAN2420300CE.NFO,02/01/2024,10:38:04,1060,1050.3,80,1060.55,200,0,3720
FINNIFTY02JAN2420300CE.NFO,02/01/2024,10:38:05,1060,1051.1,200,1058.2,200,0,3720
FINNIFTY02JAN2420300CE.NFO,02/01/2024,10:38:07,1060,1051.45,200,1056.05,200,0,3720
FINNIFTY02JAN2420300CE.NFO,02/01/2024,10:38:09,1060,1051.5,120,1056.3,200,0,3720
FINNIFTY02JAN2420300CE.NFO,02/01/2024,10:38:10,1060,1052,120,1056.45,160,0,3720
FINNIFTY02JAN2420300CE.NFO,02/01/2024,10:38:12,1060,1052.2,80,1056.75,160,0,3720
FINNIFTY02JAN2420300CE.NFO,02/01/2024,10:38:14,1060,1052.9,160,1057.85,200,0,3720
FINNIFTY02JAN2420300CE.NFO,02/01/2024,10:38:15,1060,1053.1,80,1057.55,160,0,3720
FINNIFTY02JAN2420300CE.NFO,02/01/2024,10:38:17,1060,1054,200,1058.75,120,0,3720
FINNIFTY02JAN2420300CE.NFO,02/01/2024,10:38:19,1060,1054.3,200,1058.8,40,0,3720
FINNIFTY02JAN2420300CE.NFO,02/01/2024,10:38:20,1060,1054.6,160,1059.7,120,0,3720
FINNIFTY02JAN2420300CE.NFO,02/01/2024,10:38:22,1060,1055.2,80,1065.7,2320,0,3720
FINNIFTY02JAN2420300CE.NFO,02/01/2024,10:38:23,1060,1056.2,200,1065.55,960,0,3720
FINNIFTY02JAN2420300CE.NFO,02/01/2024,10:38:25,1060,1051.35,120,1061,80,0,3720
FINNIFTY02JAN2420300CE.NFO,02/01/2024,10:38:27,1060,1054,120,1059.8,120,0,3720
FINNIFTY02JAN2420300CE.NFO,02/01/2024,10:38:28,1060,1055.2,200,1060.4,240,0,3720
FINNIFTY02JAN2420300CE.NFO,02/01/2024,10:38:30,1060,1054.3,240,1059.2,160,0,3720
FINNIFTY02JAN2420300CE.NFO,02/01/2024,10:38:31,1060,1053.9,200,1058.8,200,0,3720
FINNIFTY02JAN2420300CE.NFO,02/01/2024,10:38:33,1060,1052.7,200,1058.35,120,0,3720
FINNIFTY02JAN2420300CE.NFO,02/01/2024,10:38:35,1060,1053.1,120,1057.95,280,0,3720
FINNIFTY02JAN2420300CE.NFO,02/01/2024,10:38:36,1060,1053.75,520,1058.6,160,0,3720
FINNIFTY02JAN2420300CE.NFO,02/01/2024,10:38:38,1060,1053.3,160,1057.65,200,0,3720
FINNIFTY02JAN2420300CE.NFO,02/01/2024,10:38:40,1060,1053.5,200,1058.15,160,0,3720
FINNIFTY02JAN2420300CE.NFO,02/01/2024,10:38:41,1060,1053.85,80,1057.85,40,0,3720
FINNIFTY02JAN2420300CE.NFO,02/01/2024,10:38:43,1060,1053.35,200,1057.6,40,0,3720
FINNIFTY02JAN2420300CE.NFO,02/01/2024,10:38:44,1060,1053,40,1057.5,120,0,3720
FINNIFTY02JAN2420300CE.NFO,02/01/2024,10:38:46,1060,1052.15,280,1058.8,80,0,3720
FINNIFTY02JAN2420300CE.NFO,02/01/2024,10:38:48,1060,1053.05,200,1057.95,120,0,3720
FINNIFTY02JAN2420300CE.NFO,02/01/2024,10:38:49,1060,1051.3,80,1056.9,120,0,3720
FINNIFTY02JAN2420300CE.NFO,02/01/2024,10:38:51,1060,1051.05,120,1056.35,560,0,3720
FINNIFTY02JAN2420300CE.NFO,02/01/2024,10:38:53,1060,1050.9,200,1055.75,280,0,3720
FINNIFTY02JAN2420300CE.NFO,02/01/2024,10:38:54,1060,1049.45,40,1054.85,200,0,3720
FINNIFTY02JAN2420300CE.NFO,02/01/2024,10:38:56,1060,1049.65,200,1054.25,200,0,3720
FINNIFTY02JAN2420300CE.NFO,02/01/2024,10:38:58,1060,1048.55,80,1053.65,80,0,3720
FINNIFTY02JAN2420300CE.NFO,02/01/2024,10:38:59,1060,1048.3,120,1053.2,120,0,3720
FINNIFTY02JAN2420300CE.NFO,02/01/2024,10:39:01,1060,1048.85,200,1055.7,200,0,3720
FINNIFTY02JAN2420300CE.NFO,02/01/2024,10:39:03,1060,1046.15,2080,1055.25,120,0,3720
FINNIFTY02JAN2420300CE.NFO,02/01/2024,10:39:04,1060,1046.7,200,1053.2,120,0,3720
FINNIFTY02JAN2420300CE.NFO,02/01/2024,10:39:06,1060,1047.6,200,1065.25,760,0,3720
FINNIFTY02JAN2420300CE.NFO,02/01/2024,10:39:08,1060,1047.95,120,1055.15,120,0,3720
FINNIFTY02JAN2420300CE.NFO,02/01/2024,10:39:09,1060,1049,80,1053.7,400,0,3720
FINNIFTY02JAN2420300CE.NFO,02/01/2024,10:39:11,1060,1048.85,80,1054.15,80,0,3720
FINNIFTY02JAN2420300CE.NFO,02/01/2024,10:39:13,1060,1048.95,200,1054.2,840,0,3720
FINNIFTY02JAN2420300CE.NFO,02/01/2024,10:39:14,1060,1049.7,80,1065.2,200,0,3720
FINNIFTY02JAN2420300CE.NFO,02/01/2024,10:39:16,1060,1048.25,200,1056.35,200,0,3720
FINNIFTY02JAN2420300CE.NFO,02/01/2024,10:39:18,1060,1048.75,40,1053.95,120,0,3720
FINNIFTY02JAN2420300CE.NFO,02/01/2024,10:39:19,1060,1049.25,80,1054,120,0,3720
FINNIFTY02JAN2420300CE.NFO,02/01/2024,10:39:21,1060,1049.55,120,1054.3,120,0,3720
FINNIFTY02JAN2420300CE.NFO,02/01/2024,10:39:23,1060,1046.2,160,1053.7,160,0,3720
FINNIFTY02JAN2420300CE.NFO,02/01/2024,10:39:24,1060,1048.6,80,1053.3,40,0,3720
FINNIFTY02JAN2420300CE.NFO,02/01/2024,10:39:26,1060,1049.2,160,1055.15,2720,0,3720
FINNIFTY02JAN2420300CE.NFO,02/01/2024,10:39:28,1060,1050,200,1065.1,320,0,3720
FINNIFTY02JAN2420300CE.NFO,02/01/2024,10:39:29,1060,1049.75,200,1061.7,120,0,3720
FINNIFTY02JAN2420300CE.NFO,02/01/2024,10:39:31,1060,1047.8,120,1057.95,160,0,3720
FINNIFTY02JAN2420300CE.NFO,02/01/2024,10:39:33,1060,1049.1,200,1054.75,160,0,3720
FINNIFTY02JAN2420300CE.NFO,02/01/2024,10:39:34,1060,1048.25,200,1053.2,40,0,3720
FINNIFTY02JAN2420300CE.NFO,02/01/2024,10:39:36,1060,1049,80,1053.8,200,0,3720
FINNIFTY02JAN2420300CE.NFO,02/01/2024,10:39:38,1060,1047.45,200,1052.95,160,0,3720
FINNIFTY02JAN2420300CE.NFO,02/01/2024,10:39:39,1060,1047.55,80,1052.3,120,0,3720
FINNIFTY02JAN2420300CE.NFO,02/01/2024,10:39:41,1060,1047.4,160,1053.05,120,0,3720
FINNIFTY02JAN2420300CE.NFO,02/01/2024,10:39:43,1060,1047.7,40,1052.7,120,0,3720
FINNIFTY02JAN2420300CE.NFO,02/01/2024,10:39:44,1060,1048.1,80,1063.05,2440,0,3720
FINNIFTY02JAN2420300CE.NFO,02/01/2024,10:39:46,1060,1048.55,200,1053,160,0,3720
FINNIFTY02JAN2420300CE.NFO,02/01/2024,10:39:48,1060,1048.75,120,1053.15,40,0,3720
FINNIFTY02JAN2420300CE.NFO,02/01/2024,10:39:49,1060,1049.4,80,1053.85,40,0,3720
FINNIFTY02JAN2420300CE.NFO,02/01/2024,10:39:51,1060,1048.7,160,1056.3,200,0,3720
FINNIFTY02JAN2420300CE.NFO,02/01/2024,10:39:52,1060,1048.3,80,1053.1,160,0,3720
FINNIFTY02JAN2420300CE.NFO,02/01/2024,10:39:54,1060,1046.5,120,1052.05,160,0,3720
FINNIFTY02JAN2420300CE.NFO,02/01/2024,10:39:56,1060,1047.6,200,1052.65,280,0,3720
FINNIFTY02JAN2420300CE.NFO,02/01/2024,10:39:57,1060,1048.1,200,1052.75,120,0,3720
FINNIFTY02JAN2420300CE.NFO,02/01/2024,10:39:59,1060,1048.1,160,1055.05,2560,0,3720
FINNIFTY02JAN2420300CE.NFO,02/01/2024,10:40:01,1060,1047.1,80,1052.8,160,0,3720
FINNIFTY02JAN2420300CE.NFO,02/01/2024,10:40:02,1060,1047.45,120,1052.45,40,0,3720
FINNIFTY02JAN2420300CE.NFO,02/01/2024,10:40:04,1060,1046.3,200,1052.05,200,0,3720
FINNIFTY02JAN2420300CE.NFO,02/01/2024,10:40:06,1060,1047.35,200,1054.3,200,0,3720
FINNIFTY02JAN2420300CE.NFO,02/01/2024,10:40:07,1060,1046.55,200,1053.95,120,0,3720
FINNIFTY02JAN2420300CE.NFO,02/01/2024,10:40:09,1060,1047.05,200,1053.2,1120,0,3720
FINNIFTY02JAN2420300CE.NFO,02/01/2024,10:40:10,1060,1048.3,160,1054.5,2320,0,3720
FINNIFTY02JAN2420300CE.NFO,02/01/2024,10:40:12,1060,1048.95,160,1054.45,400,0,3720
FINNIFTY02JAN2420300CE.NFO,02/01/2024,10:40:14,1060,1048.75,80,1054.45,400,0,3720
FINNIFTY02JAN2420300CE.NFO,02/01/2024,10:40:16,1060,1050.2,200,1060.6,200,0,3720
FINNIFTY02JAN2420300CE.NFO,02/01/2024,10:40:17,1060,1051.35,40,1057.2,80,0,3720
FINNIFTY02JAN2420300CE.NFO,02/01/2024,10:40:19,1060,1051.85,400,1056.5,920,0,3720
FINNIFTY02JAN2420300CE.NFO,02/01/2024,10:40:21,1060,1051.75,120,1058.2,200,0,3720
FINNIFTY02JAN2420300CE.NFO,02/01/2024,10:40:22,1060,1052.75,200,1057.8,760,0,3720
FINNIFTY02JAN2420300CE.NFO,02/01/2024,10:40:24,1060,1051.75,200,1056.75,160,0,3720
FINNIFTY02JAN2420300CE.NFO,02/01/2024,10:40:26,1060,1052.4,120,1056.95,360,0,3720
FINNIFTY02JAN2420300CE.NFO,02/01/2024,10:40:27,1060,1046.6,200,1057.35,120,0,3720
FINNIFTY02JAN2420300CE.NFO,02/01/2024,10:40:29,1060,1050.55,80,1055.65,120,0,3720
FINNIFTY02JAN2420300CE.NFO,02/01/2024,10:40:31,1060,1049.55,160,1054.5,120,0,3720
FINNIFTY02JAN2420300CE.NFO,02/01/2024,10:40:32,1060,1048.75,40,1053.5,280,0,3720
FINNIFTY02JAN2420300CE.NFO,02/01/2024,10:40:34,1060,1049.05,160,1056.85,160,0,3720
FINNIFTY02JAN2420300CE.NFO,02/01/2024,10:40:36,1060,1050.5,200,1055.4,200,0,3720
FINNIFTY02JAN2420300CE.NFO,02/01/2024,10:40:37,1060,1050.1,40,1055,200,0,3720
FINNIFTY02JAN2420300CE.NFO,02/01/2024,10:40:39,1060,1050,200,1057,680,0,3720
FINNIFTY02JAN2420300CE.NFO,02/01/2024,10:40:41,1060,1051.75,80,1056.6,40,0,3720
FINNIFTY02JAN2420300CE.NFO,02/01/2024,10:40:42,1060,1050.35,280,1055.75,320,0,3720
FINNIFTY02JAN2420300CE.NFO,02/01/2024,10:40:44,1060,1049.75,200,1054.7,160,0,3720
FINNIFTY02JAN2420300CE.NFO,02/01/2024,10:40:46,1060,1049.6,400,1054.2,200,0,3720
FINNIFTY02JAN2420300CE.NFO,02/01/2024,10:40:47,1060,1050.05,200,1054.7,160,0,3720
FINNIFTY02JAN2420300CE.NFO,02/01/2024,10:40:49,1060,1050.15,200,1061.2,40,0,3720
FINNIFTY02JAN2420300CE.NFO,02/01/2024,10:40:51,1060,1050,200,1054.7,160,0,3720
FINNIFTY02JAN2420300CE.NFO,02/01/2024,10:40:52,1060,1050.05,200,1055.2,80,0,3720
FINNIFTY02JAN2420300CE.NFO,02/01/2024,10:40:54,1060,1050.45,120,1055.3,200,0,3720
FINNIFTY02JAN2420300CE.NFO,02/01/2024,10:40:56,1060,1050.95,80,1056.1,80,0,3720
FINNIFTY02JAN2420300CE.NFO,02/01/2024,10:40:57,1060,1050.25,80,1055.65,120,0,3720
FINNIFTY02JAN2420300CE.NFO,02/01/2024,10:40:59,1060,1049.35,160,1054.45,120,0,3720
FINNIFTY02JAN2420300CE.NFO,02/01/2024,10:41:01,1060,1048.95,80,1053.5,200,0,3720
FINNIFTY02JAN2420300CE.NFO,02/01/2024,10:41:02,1060,1049.1,120,1053.65,80,0,3720
FINNIFTY02JAN2420300CE.NFO,02/01/2024,10:41:04,1060,1049.1,120,1053.55,520,0,3720
FINNIFTY02JAN2420300CE.NFO,02/01/2024,10:41:06,1060,1049.05,80,1054.15,120,0,3720
FINNIFTY02JAN2420300CE.NFO,02/01/2024,10:41:07,1060,1049.65,160,1057.15,120,0,3720
FINNIFTY02JAN2420300CE.NFO,02/01/2024,10:41:09,1060,1050.2,80,1055.85,80,0,3720
FINNIFTY02JAN2420300CE.NFO,02/01/2024,10:41:11,1060,1049.4,40,1054.5,120,0,3720
FINNIFTY02JAN2420300CE.NFO,02/01/2024,10:41:12,1060,1049.9,160,1056.6,1680,0,3720
FINNIFTY02JAN2420300CE.NFO,02/01/2024,10:41:14,1060,1051.55,80,1055.95,160,0,3720
FINNIFTY02JAN2420300CE.NFO,02/01/2024,10:41:16,1060,1051.8,120,1057.8,880,0,3720
FINNIFTY02JAN2420300CE.NFO,02/01/2024,10:41:17,1060,1052.6,200,1057.8,1160,0,3720
FINNIFTY02JAN2420300CE.NFO,02/01/2024,10:41:19,1060,1052.95,80,1057.5,200,0,3720
FINNIFTY02JAN2420300CE.NFO,02/01/2024,10:41:21,1060,1051.5,200,1058.45,1920,0,3720
FINNIFTY02JAN2420300CE.NFO,02/01/2024,10:41:22,1060,1054,80,1060,120,0,3720
FINNIFTY02JAN2420300CE.NFO,02/01/2024,10:41:24,1060,1052.95,80,1058.55,200,0,3720
FINNIFTY02JAN2420300CE.NFO,02/01/2024,10:41:26,1060,1052.7,120,1057.5,120,0,3720
FINNIFTY02JAN2420300CE.NFO,02/01/2024,10:41:27,1060,1052.35,240,1057.1,120,0,3720
FINNIFTY02JAN2420300CE.NFO,02/01/2024,10:41:29,1060,1052.3,120,1056.75,160,0,3720
FINNIFTY02JAN2420300CE.NFO,02/01/2024,10:41:31,1060,1052.7,80,1056.95,480,0,3720
FINNIFTY02JAN2420300CE.NFO,02/01/2024,10:41:32,1060,1052.75,160,1057.55,1680,0,3720
FINNIFTY02JAN2420300CE.NFO,02/01/2024,10:41:34,1060,1053.7,200,1058.5,1680,0,3720
FINNIFTY02JAN2420300CE.NFO,02/01/2024,10:41:35,1060,1055.5,120,1060.9,80,0,3720
FINNIFTY02JAN2420300CE.NFO,02/01/2024,10:41:37,1060,1056,160,1060.6,80,0,3720
FINNIFTY02JAN2420300CE.NFO,02/01/2024,10:41:39,1060,1056,80,1061.85,240,0,3720
FINNIFTY02JAN2420300CE.NFO,02/01/2024,10:41:40,1060,1054.75,200,1061.8,200,0,3720
FINNIFTY02JAN2420300CE.NFO,02/01/2024,10:41:42,1060,1055.2,120,1061.8,200,0,3720
FINNIFTY02JAN2420300CE.NFO,02/01/2024,10:41:44,1060,1055.15,200,1061.8,200,0,3720
FINNIFTY02JAN2420300CE.NFO,02/01/2024,10:41:45,1060,1056.95,200,1062.85,80,0,3720
FINNIFTY02JAN2420300CE.NFO,02/01/2024,10:41:47,1060,1056.25,200,1061.6,360,0,3720
FINNIFTY02JAN2420300CE.NFO,02/01/2024,10:41:49,1060,1055.25,200,1060.4,160,0,3720
FINNIFTY02JAN2420300CE.NFO,02/01/2024,10:41:50,1060,1056.6,80,1062.2,120,0,3720
FINNIFTY02JAN2420300CE.NFO,02/01/2024,10:41:52,1060,1057.05,160,1061.85,200,0,3720
FINNIFTY02JAN2420300CE.NFO,02/01/2024,10:41:54,1060,1055.4,200,1061.5,160,0,3720
FINNIFTY02JAN2420300CE.NFO,02/01/2024,10:41:55,1060,1055.2,240,1060.4,200,0,3720
FINNIFTY02JAN2420300CE.NFO,02/01/2024,10:41:57,1060,1055.6,40,1061.4,1440,0,3720
FINNIFTY02JAN2420300CE.NFO,02/01/2024,10:41:59,1060,1055.4,160,1061.3,200,0,3720
FINNIFTY02JAN2420300CE.NFO,02/01/2024,10:42:00,1060,1055.05,120,1061.3,200,0,3720
FINNIFTY02JAN2420300CE.NFO,02/01/2024,10:42:02,1060,1055.35,120,1061.3,200,0,3720
FINNIFTY02JAN2420300CE.NFO,02/01/2024,10:42:04,1060,1055.45,80,1060,80,0,3720
FINNIFTY02JAN2420300CE.NFO,02/01/2024,10:42:05,1060,1054.4,760,1059.7,80,0,3720
FINNIFTY02JAN2420300CE.NFO,02/01/2024,10:42:07,1060,1054.75,160,1059.3,160,0,3720
FINNIFTY02JAN2420300CE.NFO,02/01/2024,10:42:09,1060,1053.75,280,1058.6,120,0,3720
FINNIFTY02JAN2420300CE.NFO,02/01/2024,10:42:10,1060,1053.85,120,1058.35,160,0,3720
FINNIFTY02JAN2420300CE.NFO,02/01/2024,10:42:12,1060,1053.1,120,1058.2,200,0,3720
FINNIFTY02JAN2420300CE.NFO,02/01/2024,10:42:14,1060,1053.35,80,1057.4,200,0,3720
FINNIFTY02JAN2420300CE.NFO,02/01/2024,10:42:15,1060,1052.75,840,1058,200,0,3720
FINNIFTY02JAN2420300CE.NFO,02/01/2024,10:42:17,1060,1053.3,120,1058.8,2160,0,3720
FINNIFTY02JAN2420300CE.NFO,02/01/2024,10:42:19,1060,1054.2,160,1058.75,200,0,3720
FINNIFTY02JAN2420300CE.NFO,02/01/2024,10:42:21,1060,1054.7,200,1060.05,80,0,3720
FINNIFTY02JAN2420300CE.NFO,02/01/2024,10:42:22,1060,1055.25,80,1059.75,960,0,3720
FINNIFTY02JAN2420300CE.NFO,02/01/2024,10:42:24,1060,1055.55,120,1063.85,160,0,3720
FINNIFTY02JAN2420300CE.NFO,02/01/2024,10:42:26,1060,1056.15,760,1063.85,160,0,3720
FINNIFTY02JAN2420300CE.NFO,02/01/2024,10:42:27,1060,1051.15,120,1063.85,160,0,3720
FINNIFTY02JAN2420300CE.NFO,02/01/2024,10:42:31,1060,1054.85,80,1059.9,280,0,3720
FINNIFTY02JAN2420300CE.NFO,02/01/2024,10:42:32,1060,1054.2,80,1058.8,120,0,3720
FINNIFTY02JAN2420300CE.NFO,02/01/2024,10:42:34,1060,1054.15,80,1058.55,40,0,3720
FINNIFTY02JAN2420300CE.NFO,02/01/2024,10:42:36,1060,1055.4,80,1060.25,1360,0,3720
FINNIFTY02JAN2420300CE.NFO,02/01/2024,10:42:37,1060,1056.2,120,1060.25,40,0,3720
FINNIFTY02JAN2420300CE.NFO,02/01/2024,10:42:39,1060,1055.95,120,1060.2,200,0,3720
FINNIFTY02JAN2420300CE.NFO,02/01/2024,10:42:41,1060,1055.3,160,1061.05,1920,0,3720
FINNIFTY02JAN2420300CE.NFO,02/01/2024,10:42:42,1060,1055.95,120,1061,160,0,3720
FINNIFTY02JAN2420300CE.NFO,02/01/2024,10:42:44,1060,1054.9,1120,1060.3,200,0,3720
FINNIFTY02JAN2420300CE.NFO,02/01/2024,10:42:46,1060,1055.55,40,1060.25,40,0,3720
FINNIFTY02JAN2420300CE.NFO,02/01/2024,10:42:47,1060,1055.4,120,1060.6,200,0,3720
FINNIFTY02JAN2420300CE.NFO,02/01/2024,10:42:49,1060,1056.5,160,1060.65,160,0,3720
FINNIFTY02JAN2420300CE.NFO,02/01/2024,10:42:50,1060,1056.2,120,1063.05,200,0,3720
FINNIFTY02JAN2420300CE.NFO,02/01/2024,10:42:52,1060,1056.9,160,1061.7,120,0,3720
FINNIFTY02JAN2420300CE.NFO,02/01/2024,10:42:54,1060,1056.5,80,1060.8,80,0,3720
FINNIFTY02JAN2420300CE.NFO,02/01/2024,10:42:55,1060,1055.5,160,1061.3,1120,0,3720
FINNIFTY02JAN2420300CE.NFO,02/01/2024,10:42:57,1060,1056.9,120,1061.95,1360,0,3720
FINNIFTY02JAN2420300CE.NFO,02/01/2024,10:42:59,1060,1056.55,160,1061.45,120,0,3720
FINNIFTY02JAN2420300CE.NFO,02/01/2024,10:43:00,1060,1056.55,120,1061.2,320,0,3720
FINNIFTY02JAN2420300CE.NFO,02/01/2024,10:43:02,1060,1056.85,640,1061.3,440,0,3720
FINNIFTY02JAN2420300CE.NFO,02/01/2024,10:43:04,1060,1056,160,1060.65,200,0,3720
FINNIFTY02JAN2420300CE.NFO,02/01/2024,10:43:05,1060,1056.05,120,1060.5,160,0,3720
FINNIFTY02JAN2420300CE.NFO,02/01/2024,10:43:07,1060,1055.9,200,1062.55,80,0,3720
FINNIFTY02JAN2420300CE.NFO,02/01/2024,10:43:09,1060,1054.85,1080,1060.65,160,0,3720
FINNIFTY02JAN2420300CE.NFO,02/01/2024,10:43:10,1060,1055.8,400,1060.85,120,0,3720
FINNIFTY02JAN2420300CE.NFO,02/01/2024,10:43:12,1060,1054.6,120,1060.4,200,0,3720
FINNIFTY02JAN2420300CE.NFO,02/01/2024,10:43:13,1060,1054.95,80,1059.6,40,0,3720
FINNIFTY02JAN2420300CE.NFO,02/01/2024,10:43:15,1060,1056.45,120,1061.2,160,0,3720
FINNIFTY02JAN2420300CE.NFO,02/01/2024,10:43:17,1060,1055.65,160,1060.75,200,0,3720
FINNIFTY02JAN2420300CE.NFO,02/01/2024,10:43:18,1060,1055.25,120,1059.8,200,0,3720
FINNIFTY02JAN2420300CE.NFO,02/01/2024,10:43:20,1060,1055.1,440,1059.45,200,0,3720
FINNIFTY02JAN2420300CE.NFO,02/01/2024,10:43:21,1060,1054.5,120,1059.15,280,0,3720
FINNIFTY02JAN2420300CE.NFO,02/01/2024,10:43:23,1060,1054.25,80,1058.85,400,0,3720
FINNIFTY02JAN2420300CE.NFO,02/01/2024,10:43:25,1060,1054.25,80,1058.65,160,0,3720
FINNIFTY02JAN2420300CE.NFO,02/01/2024,10:43:26,1060,1053.95,80,1058.8,160,0,3720
FINNIFTY02JAN2420300CE.NFO,02/01/2024,10:43:28,1060,1055.3,120,1059.6,120,0,3720
FINNIFTY02JAN2420300CE.NFO,02/01/2024,10:43:30,1060,1055.55,120,1065.6,120,0,3720
FINNIFTY02JAN2420300CE.NFO,02/01/2024,10:43:31,1060,1054.15,120,1065.6,120,0,3720
FINNIFTY02JAN2420300CE.NFO,02/01/2024,10:43:33,1060,1055.05,160,1059.45,280,0,3720
FINNIFTY02JAN2420300CE.NFO,02/01/2024,10:43:34,1060,1054.2,200,1058.9,160,0,3720
FINNIFTY02JAN2420300CE.NFO,02/01/2024,10:43:36,1060,1054.2,200,1059.2,40,0,3720
FINNIFTY02JAN2420300CE.NFO,02/01/2024,10:43:38,1060,1055.3,80,1059.45,160,0,3720
FINNIFTY02JAN2420300CE.NFO,02/01/2024,10:43:39,1060,1054.5,120,1059.6,360,0,3720
FINNIFTY02JAN2420300CE.NFO,02/01/2024,10:43:41,1060,1055.35,400,1060.2,80,0,3720
FINNIFTY02JAN2420300CE.NFO,02/01/2024,10:43:43,1060,1056.25,120,1061.3,2160,0,3720
FINNIFTY02JAN2420300CE.NFO,02/01/2024,10:43:44,1060,1055.9,200,1061.25,320,0,3720
FINNIFTY02JAN2420300CE.NFO,02/01/2024,10:43:46,1060,1055.95,200,1061.1,120,0,3720
FINNIFTY02JAN2420300CE.NFO,02/01/2024,10:43:48,1060,1020.4,960,1060.25,160,0,3720
FINNIFTY02JAN2420300CE.NFO,02/01/2024,10:43:49,1060,1055.25,120,1059.75,160,0,3720
FINNIFTY02JAN2420300CE.NFO,02/01/2024,10:43:51,1060,1056.3,80,1061.85,2360,0,3720
FINNIFTY02JAN2420300CE.NFO,02/01/2024,10:43:53,1060,1055.5,120,1060.15,200,0,3720
FINNIFTY02JAN2420300CE.NFO,02/01/2024,10:43:54,1060,1056,120,1061.8,2160,0,3720
FINNIFTY02JAN2420300CE.NFO,02/01/2024,10:43:56,1060,1056.5,80,1061.7,80,0,3720
FINNIFTY02JAN2420300CE.NFO,02/01/2024,10:43:57,1060,1057.25,200,1065.6,120,0,3720
FINNIFTY02JAN2420300CE.NFO,02/01/2024,10:43:59,1060,1057.45,80,1062.8,200,0,3720
FINNIFTY02JAN2420300CE.NFO,02/01/2024,10:44:01,1060,1057.75,120,1062.45,880,0,3720
FINNIFTY02JAN2420300CE.NFO,02/01/2024,10:44:02,1060,1057.8,40,1062.85,120,0,3720
FINNIFTY02JAN2420300CE.NFO,02/01/2024,10:44:04,1060,1058.5,80,1065.7,1520,0,3720
FINNIFTY02JAN2420300CE.NFO,02/01/2024,10:44:06,1060,1058.3,160,1063.85,160,0,3720
FINNIFTY02JAN2420300CE.NFO,02/01/2024,10:44:07,1060,1058.85,120,1063.9,120,0,3720
FINNIFTY02JAN2420300CE.NFO,02/01/2024,10:44:09,1060,1058.35,120,1063.05,200,0,3720
FINNIFTY02JAN2420300CE.NFO,02/01/2024,10:44:11,1060,1056.05,200,1063.1,200,0,3720
FINNIFTY02JAN2420300CE.NFO,02/01/2024,10:44:12,1060,1057.6,120,1062.3,480,0,3720
FINNIFTY02JAN2420300CE.NFO,02/01/2024,10:44:16,1060,1057.55,80,1062.15,360,0,3720
FINNIFTY02JAN2420300CE.NFO,02/01/2024,10:44:17,1060,1057.45,120,1062.2,760,0,3720
FINNIFTY02JAN2420300CE.NFO,02/01/2024,10:44:19,1060,1057.6,160,1062.3,80,0,3720
FINNIFTY02JAN2420300CE.NFO,02/01/2024,10:44:21,1060,1057.45,160,1061.95,160,0,3720
FINNIFTY02JAN2420300CE.NFO,02/01/2024,10:44:22,1060,1057.3,120,1061.95,120,0,3720
FINNIFTY02JAN2420300CE.NFO,02/01/2024,10:44:24,1060,1057.2,920,1061.7,160,0,3720
FINNIFTY02JAN2420300CE.NFO,02/01/2024,10:44:26,1060,1058.65,120,1063.1,160,0,3720
FINNIFTY02JAN2420300CE.NFO,02/01/2024,10:44:27,1060,1059.3,120,1070.5,360,0,3720
FINNIFTY02JAN2420300CE.NFO,02/01/2024,10:44:29,1060,1060.35,200,1065.8,120,0,3720
FINNIFTY02JAN2420300CE.NFO,02/01/2024,10:44:30,1060,1059.85,80,1065.1,160,0,3720
FINNIFTY02JAN2420300CE.NFO,02/01/2024,10:44:32,1060,1060.8,600,1070,400,0,3720
FINNIFTY02JAN2420300CE.NFO,02/01/2024,10:44:34,1060,1061.7,160,1067.3,200,0,3720
FINNIFTY02JAN2420300CE.NFO,02/01/2024,10:44:36,1060,1034.8,200,1065.65,200,0,3720
FINNIFTY02JAN2420300CE.NFO,02/01/2024,10:44:37,1060,1038.2,80,1064.55,200,0,3720
FINNIFTY02JAN2420300CE.NFO,02/01/2024,10:44:39,1060,1041.3,880,1063.4,120,0,3720
FINNIFTY02JAN2420300CE.NFO,02/01/2024,10:44:41,1060,1043.7,200,1063.7,200,0,3720
FINNIFTY02JAN2420300CE.NFO,02/01/2024,10:44:42,1060,1047,120,1063.7,40,0,3720
FINNIFTY02JAN2420300CE.NFO,02/01/2024,10:44:44,1060,1055.6,80,1063.4,200,0,3720
FINNIFTY02JAN2420300CE.NFO,02/01/2024,10:44:46,1060,1058.2,120,1062.6,200,0,3720
FINNIFTY02JAN2420300CE.NFO,02/01/2024,10:44:47,1060,1058.5,120,1063.45,200,0,3720
FINNIFTY02JAN2420300CE.NFO,02/01/2024,10:44:49,1060,1060.1,120,1064.75,480,0,3720
FINNIFTY02JAN2420300CE.NFO,02/01/2024,10:44:50,1060,1059.3,200,1064.35,160,0,3720
FINNIFTY02JAN2420300CE.NFO,02/01/2024,10:44:52,1060,1058.35,120,1063.6,440,0,3720
FINNIFTY02JAN2420300CE.NFO,02/01/2024,10:44:54,1060,1059.55,80,1064.05,200,0,3720
FINNIFTY02JAN2420300CE.NFO,02/01/2024,10:44:55,1060,1058.35,200,1063.4,120,0,3720
FINNIFTY02JAN2420300CE.NFO,02/01/2024,10:44:57,1060,1059.65,120,1064.05,200,0,3720
FINNIFTY02JAN2420300CE.NFO,02/01/2024,10:44:59,1060,1059.35,480,1063.7,160,0,3720
FINNIFTY02JAN2420300CE.NFO,02/01/2024,10:45:00,1060,1059.25,360,1063.6,200,0,3720
FINNIFTY02JAN2420300CE.NFO,02/01/2024,10:45:02,1060,1060.6,120,1074.85,200,0,3720
FINNIFTY02JAN2420300CE.NFO,02/01/2024,10:45:04,1060,1060.55,600,1074.85,200,0,3720
FINNIFTY02JAN2420300CE.NFO,02/01/2024,10:45:05,1060,1060.15,80,1065.1,160,0,3720
FINNIFTY02JAN2420300CE.NFO,02/01/2024,10:45:07,1060,1060.35,120,1064.7,200,0,3720
FINNIFTY02JAN2420300CE.NFO,02/01/2024,10:45:09,1060,1059.4,160,1064.9,80,0,3720
FINNIFTY02JAN2420300CE.NFO,02/01/2024,10:45:10,1060,1059.15,160,1063.75,200,0,3720
FINNIFTY02JAN2420300CE.NFO,02/01/2024,10:45:12,1060,1058.3,360,1062.8,160,0,3720
FINNIFTY02JAN2420300CE.NFO,02/01/2024,10:45:14,1060,1057.55,200,1062.1,200,0,3720
FINNIFTY02JAN2420300CE.NFO,02/01/2024,10:45:15,1060,1057.85,160,1062.45,40,0,3720
FINNIFTY02JAN2420300CE.NFO,02/01/2024,10:45:17,1060,1057.9,120,1062.55,120,0,3720
FINNIFTY02JAN2420300CE.NFO,02/01/2024,10:45:19,1060,1057.85,120,1062.6,560,0,3720
FINNIFTY02JAN2420300CE.NFO,02/01/2024,10:45:20,1060,1058.05,120,1063.25,120,0,3720
FINNIFTY02JAN2420300CE.NFO,02/01/2024,10:45:22,1060,1058.15,440,1062.7,120,0,3720
FINNIFTY02JAN2420300CE.NFO,02/01/2024,10:45:24,1060,1057.7,160,1063.4,1320,0,3720
FINNIFTY02JAN2420300CE.NFO,02/01/2024,10:45:25,1060,1059,120,1065.35,160,0,3720
FINNIFTY02JAN2420300CE.NFO,02/01/2024,10:45:27,1060,1058.9,240,1063.9,120,0,3720
FINNIFTY02JAN2420300CE.NFO,02/01/2024,10:45:29,1060,1058.85,160,1063.7,200,0,3720
FINNIFTY02JAN2420300CE.NFO,02/01/2024,10:45:30,1060,1059.65,80,1064.15,200,0,3720
FINNIFTY02JAN2420300CE.NFO,02/01/2024,10:45:32,1060,1059.8,120,1064.35,200,0,3720
FINNIFTY02JAN2420300CE.NFO,02/01/2024,10:45:33,1060,1060.5,120,1065.2,200,0,3720
FINNIFTY02JAN2420300CE.NFO,02/01/2024,10:45:35,1060,1060.45,120,1074.85,200,0,3720
FINNIFTY02JAN2420300CE.NFO,02/01/2024,10:45:37,1060,1060.65,80,1069.95,120,0,3720
FINNIFTY02JAN2420300CE.NFO,02/01/2024,10:45:38,1060,1060.65,120,1066.6,200,0,3720
FINNIFTY02JAN2420300CE.NFO,02/01/2024,10:45:40,1060,1061.2,280,1065.55,120,0,3720
FINNIFTY02JAN2420300CE.NFO,02/01/2024,10:45:42,1060,1061.3,120,1066.1,200,0,3720
FINNIFTY02JAN2420300CE.NFO,02/01/2024,10:45:43,1060,1061.8,80,1066.55,200,0,3720
FINNIFTY02JAN2420300CE.NFO,02/01/2024,10:45:45,1060,1062.1,40,1066.45,200,0,3720
FINNIFTY02JAN2420300CE.NFO,02/01/2024,10:45:46,1060,1061.45,120,1065.95,160,0,3720
FINNIFTY02JAN2420300CE.NFO,02/01/2024,10:45:48,1060,1061.35,120,1065.8,200,0,3720
FINNIFTY02JAN2420300CE.NFO,02/01/2024,10:45:50,1060,1061.35,40,1066.55,40,0,3720
FINNIFTY02JAN2420300CE.NFO,02/01/2024,10:45:51,1060,1060.15,120,1065.2,760,0,3720
FINNIFTY02JAN2420300CE.NFO,02/01/2024,10:45:53,1060,1060.2,200,1065.1,560,0,3720
FINNIFTY02JAN2420300CE.NFO,02/01/2024,10:45:55,1060,1060.1,280,1064.75,200,0,3720
FINNIFTY02JAN2420300CE.NFO,02/01/2024,10:45:56,1060,1060.35,200,1064.7,200,0,3720
FINNIFTY02JAN2420300CE.NFO,02/01/2024,10:45:58,1060,1058.95,1000,1064.3,200,0,3720
FINNIFTY02JAN2420300CE.NFO,02/01/2024,10:45:59,1060,1058.85,120,1063.7,40,0,3720
FINNIFTY02JAN2420300CE.NFO,02/01/2024,10:46:01,1060,1058.45,120,1062.95,200,0,3720
FINNIFTY02JAN2420300CE.NFO,02/01/2024,10:46:03,1060,1057.85,80,1063.4,1840,0,3720
FINNIFTY02JAN2420300CE.NFO,02/01/2024,10:46:04,1060,1058.15,80,1063.2,80,0,3720
FINNIFTY02JAN2420300CE.NFO,02/01/2024,10:46:06,1060,1058.5,160,1063.35,240,0,3720
FINNIFTY02JAN2420300CE.NFO,02/01/2024,10:46:08,1060,1058.8,80,1063.3,480,0,3720
FINNIFTY02JAN2420300CE.NFO,02/01/2024,10:46:09,1060,1059.3,240,1063.95,80,0,3720
FINNIFTY02JAN2420300CE.NFO,02/01/2024,10:46:11,1060,1059.95,160,1065.15,2360,0,3720
FINNIFTY02JAN2420300CE.NFO,02/01/2024,10:46:12,1060,1059.45,1200,1065.15,2440,0,3720
FINNIFTY02JAN2420300CE.NFO,02/01/2024,10:46:14,1060,1059.7,120,1065.1,1080,0,3720
FINNIFTY02JAN2420300CE.NFO,02/01/2024,10:46:16,1060,1059.05,40,1065.05,200,0,3720
FINNIFTY02JAN2420300CE.NFO,02/01/2024,10:46:17,1060,1059.45,160,1063.85,200,0,3720
FINNIFTY02JAN2420300CE.NFO,02/01/2024,10:46:19,1060,1060,200,1065.1,1520,0,3720
FINNIFTY02JAN2420300CE.NFO,02/01/2024,10:46:21,1060,1059.85,920,1064.85,200,0,3720
FINNIFTY02JAN2420300CE.NFO,02/01/2024,10:46:22,1060,1059.95,120,1064.35,120,0,3720
FINNIFTY02JAN2420300CE.NFO,02/01/2024,10:46:24,1060,1059.4,200,1063.9,200,0,3720
FINNIFTY02JAN2420300CE.NFO,02/01/2024,10:46:26,1060,1059.1,1000,1063.55,200,0,3720
FINNIFTY02JAN2420300CE.NFO,02/01/2024,10:46:27,1060,1059.15,120,1063.65,160,0,3720
FINNIFTY02JAN2420300CE.NFO,02/01/2024,10:46:29,1060,1058.05,1480,1063.55,120,0,3720
FINNIFTY02JAN2420300CE.NFO,02/01/2024,10:46:30,1060,1058.1,120,1062.6,320,0,3720
FINNIFTY02JAN2420300CE.NFO,02/01/2024,10:46:32,1060,1058.45,120,1063.05,1320,0,3720
FINNIFTY02JAN2420300CE.NFO,02/01/2024,10:46:34,1060,1059.45,40,1064.25,120,0,3720
FINNIFTY02JAN2420300CE.NFO,02/01/2024,10:46:35,1060,1060.3,40,1068.95,160,0,3720
FINNIFTY02JAN2420300CE.NFO,02/01/2024,10:46:37,1060,1061.85,120,1066.7,120,0,3720
FINNIFTY02JAN2420300CE.NFO,02/01/2024,10:46:39,1060,1062.2,120,1072.75,1680,0,3720
FINNIFTY02JAN2420300CE.NFO,02/01/2024,10:46:40,1060,1063.9,80,1070.75,40,0,3720
FINNIFTY02JAN2420300CE.NFO,02/01/2024,10:46:42,1060,1035.2,200,1068.35,120,0,3720
FINNIFTY02JAN2420300CE.NFO,02/01/2024,10:46:44,1060,1038.7,160,1067.45,200,0,3720
FINNIFTY02JAN2420300CE.NFO,02/01/2024,10:46:45,1060,1047.45,120,1068.1,160,0,3720
FINNIFTY02JAN2420300CE.NFO,02/01/2024,10:46:47,1060,1050.75,80,1067.35,160,0,3720
FINNIFTY02JAN2420300CE.NFO,02/01/2024,10:46:49,1060,1054.75,80,1069.05,200,0,3720
FINNIFTY02JAN2420300CE.NFO,02/01/2024,10:46:50,1060,1063.6,160,1068.75,200,0,3720
FINNIFTY02JAN2420300CE.NFO,02/01/2024,10:46:52,1060,1062.75,80,1067.25,120,0,3720
FINNIFTY02JAN2420300CE.NFO,02/01/2024,10:46:54,1060,1062.15,120,1067.05,240,0,3720
FINNIFTY02JAN2420300CE.NFO,02/01/2024,10:46:55,1060,1063.25,120,1068.05,200,0,3720
FINNIFTY02JAN2420300CE.NFO,02/01/2024,10:46:57,1060,1062.35,80,1067.75,200,0,3720
FINNIFTY02JAN2420300CE.NFO,02/01/2024,10:46:59,1060,1061.4,200,1066.8,160,0,3720
FINNIFTY02JAN2420300CE.NFO,02/01/2024,10:47:01,1060,1061.4,200,1065.9,200,0,3720
FINNIFTY02JAN2420300CE.NFO,02/01/2024,10:47:02,1060,1060.3,120,1065.35,200,0,3720
FINNIFTY02JAN2420300CE.NFO,02/01/2024,10:47:04,1060,1060.9,120,1065.8,480,0,3720
FINNIFTY02JAN2420300CE.NFO,02/01/2024,10:47:05,1060,1061.1,120,1066,120,0,3720
FINNIFTY02JAN2420300CE.NFO,02/01/2024,10:47:07,1060,1061.95,80,1066.8,2360,0,3720
