Ticker,Date,Time,LTP,BuyPrice,BuyQty,SellPrice,SellQty,LTQ,OpenInterest
FINNIFTY02JAN2420000PE.NFO,02/01/2024,09:15:02,0.2,0.2,51400,0.3,17800,1000,568560
FINNIFTY02JAN2420000PE.NFO,02/01/2024,09:15:02,0.2,0.2,51400,0.3,17800,0,568560
FINNIFTY02JAN2420000PE.NFO,02/01/2024,09:15:02,0.3,0.2,51400,0.3,17800,0,568560
FINNIFTY02JAN2420000PE.NFO,02/01/2024,09:15:02,0.2,0.2,51400,0.3,17800,0,568560
FINNIFTY02JAN2420000PE.NFO,02/01/2024,09:15:16,0.3,0.25,16040,0.3,22320,4800,568560
FINNIFTY02JAN2420000PE.NFO,02/01/2024,09:15:28,0.3,0.25,43720,0.3,25800,40920,568560
FINNIFTY02JAN2420000PE.NFO,02/01/2024,09:15:39,0.25,0.25,45480,0.3,38360,440,568560
FINNIFTY02JAN2420000PE.NFO,02/01/2024,09:15:50,0.25,0.25,38680,0.3,48120,11360,568560
FINNIFTY02JAN2420000PE.NFO,02/01/2024,09:16:00,0.25,0.2,228960,0.25,30960,25520,568560
FINNIFTY02JAN2420000PE.NFO,02/01/2024,09:16:12,0.25,0.2,244080,0.25,42880,37240,568560
FINNIFTY02JAN2420000PE.NFO,02/01/2024,09:16:22,0.25,0.2,242600,0.25,41960,6000,568560
FINNIFTY02JAN2420000PE.NFO,02/01/2024,09:16:31,0.25,0.2,267800,0.25,42120,3440,568560
FINNIFTY02JAN2420000PE.NFO,02/01/2024,09:16:41,0.25,0.2,293000,0.25,42120,0,568560
FINNIFTY02JAN2420000PE.NFO,02/01/2024,09:16:50,0.25,0.2,311000,0.25,38320,3800,568560
FINNIFTY02JAN2420000PE.NFO,02/01/2024,09:17:00,0.25,0.2,312160,0.25,19520,14960,568560
FINNIFTY02JAN2420000PE.NFO,02/01/2024,09:17:10,0.25,0.25,16760,0.3,104120,21120,568560
FINNIFTY02JAN2420000PE.NFO,02/01/2024,09:17:19,0.25,0.25,48000,0.3,136560,1040,568560
FINNIFTY02JAN2420000PE.NFO,02/01/2024,09:17:29,0.25,0.25,48520,0.3,147880,1880,568560
FINNIFTY02JAN2420000PE.NFO,02/01/2024,09:17:38,0.25,0.25,48280,0.3,158880,2920,636880
FINNIFTY02JAN2420000PE.NFO,02/01/2024,09:17:48,0.25,0.25,40800,0.3,159560,18760,636880
FINNIFTY02JAN2420000PE.NFO,02/01/2024,09:17:58,0.3,0.25,47120,0.3,159120,1800,636880
FINNIFTY02JAN2420000PE.NFO,02/01/2024,09:18:07,0.3,0.25,50600,0.3,158280,960,636880
FINNIFTY02JAN2420000PE.NFO,02/01/2024,09:18:17,0.3,0.25,46960,0.3,156440,3840,636880
FINNIFTY02JAN2420000PE.NFO,02/01/2024,09:18:26,0.3,0.25,46960,0.3,156640,1600,636880
FINNIFTY02JAN2420000PE.NFO,02/01/2024,09:18:36,0.25,0.25,33680,0.3,155200,12160,636880
FINNIFTY02JAN2420000PE.NFO,02/01/2024,09:18:46,0.25,0.25,24440,0.3,162760,10400,636880
FINNIFTY02JAN2420000PE.NFO,02/01/2024,09:18:55,0.25,0.2,313600,0.25,76040,20000,636880
FINNIFTY02JAN2420000PE.NFO,02/01/2024,09:19:05,0.2,0.2,331040,0.25,79320,5000,636880
FINNIFTY02JAN2420000PE.NFO,02/01/2024,09:19:15,0.25,0.2,331160,0.25,79240,2840,636880
FINNIFTY02JAN2420000PE.NFO,02/01/2024,09:19:25,0.25,0.2,331160,0.25,77440,1800,636880
FINNIFTY02JAN2420000PE.NFO,02/01/2024,09:19:35,0.25,0.2,331160,0.25,75840,5200,636880
FINNIFTY02JAN2420000PE.NFO,02/01/2024,09:19:45,0.25,0.2,331120,0.25,90960,2840,636880
FINNIFTY02JAN2420000PE.NFO,02/01/2024,09:19:55,0.25,0.2,331120,0.25,98040,0,636880
FINNIFTY02JAN2420000PE.NFO,02/01/2024,09:20:06,0.25,0.2,331120,0.25,101640,0,636880
FINNIFTY02JAN2420000PE.NFO,02/01/2024,09:20:16,0.2,0.2,325120,0.25,118840,7800,636880
FINNIFTY02JAN2420000PE.NFO,02/01/2024,09:20:26,0.2,0.2,324320,0.25,140040,800,636880
FINNIFTY02JAN2420000PE.NFO,02/01/2024,09:20:36,0.2,0.2,323600,0.25,141840,1800,627680
FINNIFTY02JAN2420000PE.NFO,02/01/2024,09:20:45,0.2,0.2,323600,0.25,145440,0,627680
FINNIFTY02JAN2420000PE.NFO,02/01/2024,09:21:04,0.25,0.2,323920,0.25,144720,720,627680
FINNIFTY02JAN2420000PE.NFO,02/01/2024,09:21:14,0.25,0.2,326440,0.25,141480,6840,627680
FINNIFTY02JAN2420000PE.NFO,02/01/2024,09:21:25,0.2,0.2,318880,0.25,142680,13080,627680
FINNIFTY02JAN2420000PE.NFO,02/01/2024,09:21:35,0.25,0.2,316320,0.25,142160,10280,627680
FINNIFTY02JAN2420000PE.NFO,02/01/2024,09:21:45,0.25,0.2,316320,0.25,135440,6920,627680
FINNIFTY02JAN2420000PE.NFO,02/01/2024,09:21:55,0.25,0.2,334320,0.25,134760,80,627680
FINNIFTY02JAN2420000PE.NFO,02/01/2024,09:22:06,0.2,0.2,333720,0.25,136360,600,627680
FINNIFTY02JAN2420000PE.NFO,02/01/2024,09:22:18,0.25,0.2,333720,0.25,130200,7960,627680
FINNIFTY02JAN2420000PE.NFO,02/01/2024,09:22:30,0.25,0.2,333720,0.25,125280,3320,627680
FINNIFTY02JAN2420000PE.NFO,02/01/2024,09:22:40,0.25,0.2,324720,0.25,124840,440,627680
FINNIFTY02JAN2420000PE.NFO,02/01/2024,09:22:50,0.2,0.2,324680,0.25,124800,80,627680
FINNIFTY02JAN2420000PE.NFO,02/01/2024,09:22:59,0.2,0.2,324360,0.25,130360,320,627680
FINNIFTY02JAN2420000PE.NFO,02/01/2024,09:23:09,0.25,0.2,324360,0.25,139360,5000,627680
FINNIFTY02JAN2420000PE.NFO,02/01/2024,09:23:18,0.25,0.2,324360,0.25,133920,1840,627680
FINNIFTY02JAN2420000PE.NFO,02/01/2024,09:23:28,0.25,0.2,324360,0.25,132320,1600,627680
FINNIFTY02JAN2420000PE.NFO,02/01/2024,09:23:37,0.25,0.2,324360,0.25,130280,2040,627480
FINNIFTY02JAN2420000PE.NFO,02/01/2024,09:23:47,0.25,0.2,324360,0.25,117000,600,627480
FINNIFTY02JAN2420000PE.NFO,02/01/2024,09:23:56,0.25,0.2,320760,0.25,118920,5440,627480
FINNIFTY02JAN2420000PE.NFO,02/01/2024,09:24:05,0.2,0.2,316360,0.25,123840,5200,627480
FINNIFTY02JAN2420000PE.NFO,02/01/2024,09:24:14,0.25,0.2,316320,0.25,125520,160,627480
FINNIFTY02JAN2420000PE.NFO,02/01/2024,09:24:24,0.25,0.2,316320,0.25,125480,40,627480
FINNIFTY02JAN2420000PE.NFO,02/01/2024,09:24:34,0.25,0.2,316320,0.25,123720,0,627480
FINNIFTY02JAN2420000PE.NFO,02/01/2024,09:24:54,0.25,0.2,314520,0.25,123600,1920,627480
FINNIFTY02JAN2420000PE.NFO,02/01/2024,09:25:05,0.25,0.2,314520,0.25,123360,320,627480
FINNIFTY02JAN2420000PE.NFO,02/01/2024,09:25:16,0.25,0.2,314520,0.25,123320,40,627480
FINNIFTY02JAN2420000PE.NFO,02/01/2024,09:25:26,0.25,0.2,328280,0.25,124760,360,627480
FINNIFTY02JAN2420000PE.NFO,02/01/2024,09:25:36,0.25,0.2,349880,0.25,122480,480,627480
FINNIFTY02JAN2420000PE.NFO,02/01/2024,09:25:46,0.25,0.2,362840,0.25,118120,1840,627480
FINNIFTY02JAN2420000PE.NFO,02/01/2024,09:25:55,0.25,0.2,363640,0.25,110040,8080,627480
FINNIFTY02JAN2420000PE.NFO,02/01/2024,09:26:05,0.25,0.2,363640,0.25,104360,1720,627480
FINNIFTY02JAN2420000PE.NFO,02/01/2024,09:26:15,0.25,0.2,363640,0.25,91440,10960,627480
FINNIFTY02JAN2420000PE.NFO,02/01/2024,09:26:25,0.25,0.25,51400,0.3,124000,72600,627480
FINNIFTY02JAN2420000PE.NFO,02/01/2024,09:26:36,0.3,0.25,34520,0.3,159120,80,633200
FINNIFTY02JAN2420000PE.NFO,02/01/2024,09:26:46,0.25,0.25,32000,0.3,166400,20600,633200
FINNIFTY02JAN2420000PE.NFO,02/01/2024,09:26:57,0.25,0.25,38680,0.3,170720,4360,633200
FINNIFTY02JAN2420000PE.NFO,02/01/2024,09:27:07,0.25,0.25,34560,0.3,188360,1680,633200
FINNIFTY02JAN2420000PE.NFO,02/01/2024,09:27:18,0.25,0.25,37080,0.3,188360,80,633200
FINNIFTY02JAN2420000PE.NFO,02/01/2024,09:27:28,0.25,0.25,29840,0.3,187800,6800,633200
FINNIFTY02JAN2420000PE.NFO,02/01/2024,09:27:37,0.25,0.25,20960,0.3,187560,8280,633200
FINNIFTY02JAN2420000PE.NFO,02/01/2024,09:27:47,0.25,0.2,360240,0.25,30120,24920,633200
FINNIFTY02JAN2420000PE.NFO,02/01/2024,09:27:57,0.25,0.2,360720,0.25,59480,2200,633200
FINNIFTY02JAN2420000PE.NFO,02/01/2024,09:28:07,0.25,0.2,360720,0.25,59160,4880,633200
FINNIFTY02JAN2420000PE.NFO,02/01/2024,09:28:17,0.25,0.2,360720,0.25,58840,800,633200
FINNIFTY02JAN2420000PE.NFO,02/01/2024,09:28:28,0.25,0.2,360720,0.25,57760,1080,633200
FINNIFTY02JAN2420000PE.NFO,02/01/2024,09:28:41,0.25,0.2,368680,0.25,46400,20160,633200
FINNIFTY02JAN2420000PE.NFO,02/01/2024,09:28:54,0.25,0.2,368680,0.25,32240,3720,633200
FINNIFTY02JAN2420000PE.NFO,02/01/2024,09:29:05,0.25,0.2,368680,0.25,33200,2840,633200
FINNIFTY02JAN2420000PE.NFO,02/01/2024,09:29:15,0.25,0.2,368680,0.25,33200,0,633200
FINNIFTY02JAN2420000PE.NFO,02/01/2024,09:29:38,0.2,0.2,368520,0.25,40400,160,636120
FINNIFTY02JAN2420000PE.NFO,02/01/2024,09:29:48,0.2,0.2,368520,0.25,95760,0,636120
FINNIFTY02JAN2420000PE.NFO,02/01/2024,09:30:08,0.25,0.2,368520,0.25,94640,1120,636120
FINNIFTY02JAN2420000PE.NFO,02/01/2024,09:30:18,0.25,0.2,368520,0.25,95240,1200,636120
FINNIFTY02JAN2420000PE.NFO,02/01/2024,09:30:28,0.25,0.2,368520,0.25,95280,0,636120
FINNIFTY02JAN2420000PE.NFO,02/01/2024,09:30:48,0.2,0.2,367920,0.25,94680,1800,636120
FINNIFTY02JAN2420000PE.NFO,02/01/2024,09:30:58,0.25,0.2,369280,0.25,93000,1760,636120
FINNIFTY02JAN2420000PE.NFO,02/01/2024,09:31:10,0.25,0.2,371040,0.25,92760,240,636120
FINNIFTY02JAN2420000PE.NFO,02/01/2024,09:31:20,0.25,0.2,371000,0.25,92480,320,636120
FINNIFTY02JAN2420000PE.NFO,02/01/2024,09:31:30,0.25,0.2,371000,0.25,97240,240,636120
FINNIFTY02JAN2420000PE.NFO,02/01/2024,09:31:39,0.25,0.2,371000,0.25,99040,0,636120
FINNIFTY02JAN2420000PE.NFO,02/01/2024,09:32:08,0.25,0.2,371000,0.25,98640,400,636120
FINNIFTY02JAN2420000PE.NFO,02/01/2024,09:32:18,0.2,0.2,370960,0.25,97720,960,636120
FINNIFTY02JAN2420000PE.NFO,02/01/2024,09:32:28,0.2,0.2,370960,0.25,66400,0,636120
FINNIFTY02JAN2420000PE.NFO,02/01/2024,09:32:38,0.25,0.2,370960,0.25,65560,920,641040
FINNIFTY02JAN2420000PE.NFO,02/01/2024,09:32:48,0.25,0.2,370960,0.25,65360,200,641040
FINNIFTY02JAN2420000PE.NFO,02/01/2024,09:32:58,0.25,0.2,370960,0.25,65760,0,641040
FINNIFTY02JAN2420000PE.NFO,02/01/2024,09:33:07,0.2,0.2,370560,0.25,98400,4080,641040
FINNIFTY02JAN2420000PE.NFO,02/01/2024,09:33:17,0.2,0.2,370560,0.25,98720,0,641040
FINNIFTY02JAN2420000PE.NFO,02/01/2024,09:33:27,0.25,0.2,370640,0.25,98600,80,641040
FINNIFTY02JAN2420000PE.NFO,02/01/2024,09:33:36,0.25,0.2,370640,0.25,97240,1280,641040
FINNIFTY02JAN2420000PE.NFO,02/01/2024,09:33:46,0.2,0.2,370600,0.25,97160,120,641040
FINNIFTY02JAN2420000PE.NFO,02/01/2024,09:33:55,0.2,0.2,370600,0.25,97000,0,641040
FINNIFTY02JAN2420000PE.NFO,02/01/2024,09:34:05,0.25,0.2,370600,0.25,96920,80,641040
FINNIFTY02JAN2420000PE.NFO,02/01/2024,09:34:23,0.25,0.2,370520,0.25,96840,80,641040
FINNIFTY02JAN2420000PE.NFO,02/01/2024,09:34:32,0.2,0.2,370360,0.25,96520,480,641040
FINNIFTY02JAN2420000PE.NFO,02/01/2024,09:34:41,0.2,0.2,373280,0.25,96520,1080,641040
FINNIFTY02JAN2420000PE.NFO,02/01/2024,09:34:50,0.2,0.2,372240,0.25,116680,1040,641040
FINNIFTY02JAN2420000PE.NFO,02/01/2024,09:34:59,0.2,0.2,372120,0.25,114600,2200,641040
FINNIFTY02JAN2420000PE.NFO,02/01/2024,09:35:09,0.25,0.2,371920,0.25,119880,2120,641040
FINNIFTY02JAN2420000PE.NFO,02/01/2024,09:35:18,0.2,0.2,371800,0.25,121200,680,641040
FINNIFTY02JAN2420000PE.NFO,02/01/2024,09:35:27,0.25,0.2,371720,0.25,120480,800,641040
FINNIFTY02JAN2420000PE.NFO,02/01/2024,09:35:37,0.25,0.2,371720,0.25,119880,600,648200
FINNIFTY02JAN2420000PE.NFO,02/01/2024,09:35:46,0.25,0.2,371680,0.25,119520,400,648200
FINNIFTY02JAN2420000PE.NFO,02/01/2024,09:35:56,0.25,0.2,371680,0.25,119280,240,648200
FINNIFTY02JAN2420000PE.NFO,02/01/2024,09:36:15,0.25,0.2,371680,0.25,118280,1000,648200
FINNIFTY02JAN2420000PE.NFO,02/01/2024,09:36:24,0.25,0.2,371680,0.25,119920,160,648200
FINNIFTY02JAN2420000PE.NFO,02/01/2024,09:36:33,0.25,0.2,371680,0.25,119840,80,648200
FINNIFTY02JAN2420000PE.NFO,02/01/2024,09:36:51,0.25,0.2,371680,0.25,119560,280,648200
FINNIFTY02JAN2420000PE.NFO,02/01/2024,09:37:09,0.25,0.2,371680,0.25,121360,0,648200
FINNIFTY02JAN2420000PE.NFO,02/01/2024,09:37:18,0.25,0.2,371680,0.25,121280,80,648200
FINNIFTY02JAN2420000PE.NFO,02/01/2024,09:37:27,0.25,0.2,371680,0.25,116640,4840,648200
FINNIFTY02JAN2420000PE.NFO,02/01/2024,09:37:45,0.25,0.2,371680,0.25,120240,0,648200
FINNIFTY02JAN2420000PE.NFO,02/01/2024,09:38:02,0.2,0.2,371600,0.25,120040,80,648200
FINNIFTY02JAN2420000PE.NFO,02/01/2024,09:38:19,0.25,0.2,371600,0.25,118160,1880,648200
FINNIFTY02JAN2420000PE.NFO,02/01/2024,09:38:38,0.25,0.2,371600,0.25,121400,400,656000
FINNIFTY02JAN2420000PE.NFO,02/01/2024,09:38:48,0.25,0.2,371600,0.25,120760,640,656000
FINNIFTY02JAN2420000PE.NFO,02/01/2024,09:39:07,0.2,0.2,371280,0.25,120720,360,656000
FINNIFTY02JAN2420000PE.NFO,02/01/2024,09:39:35,0.2,0.2,371000,0.25,120720,280,656000
FINNIFTY02JAN2420000PE.NFO,02/01/2024,09:39:44,0.25,0.2,370720,0.25,120400,600,656000
FINNIFTY02JAN2420000PE.NFO,02/01/2024,09:39:54,0.2,0.2,370120,0.25,120400,600,656000
FINNIFTY02JAN2420000PE.NFO,02/01/2024,09:40:05,0.2,0.2,387800,0.25,120400,320,656000
FINNIFTY02JAN2420000PE.NFO,02/01/2024,09:40:16,0.2,0.2,387280,0.25,120400,520,656000
FINNIFTY02JAN2420000PE.NFO,02/01/2024,09:40:26,0.2,0.2,385440,0.25,120280,1960,656000
FINNIFTY02JAN2420000PE.NFO,02/01/2024,09:40:36,0.2,0.2,383960,0.25,122040,1480,656000
FINNIFTY02JAN2420000PE.NFO,02/01/2024,09:40:47,0.2,0.2,383040,0.25,122040,920,656000
FINNIFTY02JAN2420000PE.NFO,02/01/2024,09:40:57,0.25,0.2,401040,0.25,121920,120,656000
FINNIFTY02JAN2420000PE.NFO,02/01/2024,09:41:07,0.25,0.2,397040,0.25,121920,0,656000
FINNIFTY02JAN2420000PE.NFO,02/01/2024,09:41:18,0.2,0.2,397000,0.25,121920,40,656000
FINNIFTY02JAN2420000PE.NFO,02/01/2024,09:41:28,0.2,0.2,397000,0.25,125520,0,656000
FINNIFTY02JAN2420000PE.NFO,02/01/2024,09:41:37,0.25,0.2,396480,0.25,130120,1320,657640
FINNIFTY02JAN2420000PE.NFO,02/01/2024,09:41:47,0.2,0.2,396440,0.25,131320,40,657640
FINNIFTY02JAN2420000PE.NFO,02/01/2024,09:41:57,0.2,0.2,395840,0.25,131320,600,657640
FINNIFTY02JAN2420000PE.NFO,02/01/2024,09:42:06,0.25,0.2,394920,0.25,130480,1760,657640
FINNIFTY02JAN2420000PE.NFO,02/01/2024,09:42:17,0.25,0.2,394920,0.25,129520,960,657640
FINNIFTY02JAN2420000PE.NFO,02/01/2024,09:42:26,0.25,0.2,394920,0.25,129120,0,657640
FINNIFTY02JAN2420000PE.NFO,02/01/2024,09:42:35,0.25,0.2,394920,0.25,127120,2000,657640
FINNIFTY02JAN2420000PE.NFO,02/01/2024,09:42:44,0.25,0.2,396120,0.25,124520,2600,657640
FINNIFTY02JAN2420000PE.NFO,02/01/2024,09:42:53,0.25,0.2,397320,0.25,126440,40,657640
FINNIFTY02JAN2420000PE.NFO,02/01/2024,09:43:03,0.25,0.2,397320,0.25,126240,200,657640
FINNIFTY02JAN2420000PE.NFO,02/01/2024,09:43:14,0.25,0.2,397320,0.25,126280,0,657640
FINNIFTY02JAN2420000PE.NFO,02/01/2024,09:43:24,0.25,0.2,397600,0.25,125880,400,657640
FINNIFTY02JAN2420000PE.NFO,02/01/2024,09:43:34,0.25,0.2,397600,0.25,125880,0,657640
FINNIFTY02JAN2420000PE.NFO,02/01/2024,09:43:53,0.25,0.2,396400,0.25,124680,1200,657640
FINNIFTY02JAN2420000PE.NFO,02/01/2024,09:44:02,0.25,0.2,396400,0.25,124800,0,657640
FINNIFTY02JAN2420000PE.NFO,02/01/2024,09:44:21,0.25,0.2,396400,0.25,124640,160,657640
FINNIFTY02JAN2420000PE.NFO,02/01/2024,09:44:30,0.25,0.2,396400,0.25,124640,0,657640
FINNIFTY02JAN2420000PE.NFO,02/01/2024,09:44:58,0.25,0.2,396400,0.25,124560,80,661440
FINNIFTY02JAN2420000PE.NFO,02/01/2024,09:45:07,0.25,0.2,396400,0.25,123360,1200,661440
FINNIFTY02JAN2420000PE.NFO,02/01/2024,09:45:26,0.2,0.2,391920,0.25,123360,4480,661440
FINNIFTY02JAN2420000PE.NFO,02/01/2024,09:45:35,0.2,0.2,391920,0.25,125160,0,661440
FINNIFTY02JAN2420000PE.NFO,02/01/2024,09:45:45,0.2,0.2,391920,0.25,126760,0,661440
FINNIFTY02JAN2420000PE.NFO,02/01/2024,09:45:54,0.2,0.2,391640,0.25,126760,280,661440
FINNIFTY02JAN2420000PE.NFO,02/01/2024,09:46:04,0.25,0.2,391640,0.25,127440,80,661440
FINNIFTY02JAN2420000PE.NFO,02/01/2024,09:46:14,0.2,0.2,391040,0.25,127160,880,661440
FINNIFTY02JAN2420000PE.NFO,02/01/2024,09:46:24,0.25,0.2,385640,0.25,127760,600,661440
FINNIFTY02JAN2420000PE.NFO,02/01/2024,09:46:34,0.25,0.2,373040,0.25,126080,1600,661440
FINNIFTY02JAN2420000PE.NFO,02/01/2024,09:46:43,0.25,0.2,373040,0.25,124600,1480,661440
FINNIFTY02JAN2420000PE.NFO,02/01/2024,09:47:01,0.25,0.2,372920,0.25,119960,4560,661440
FINNIFTY02JAN2420000PE.NFO,02/01/2024,09:47:11,0.25,0.2,372920,0.25,118960,1000,661440
FINNIFTY02JAN2420000PE.NFO,02/01/2024,09:47:20,0.25,0.2,372920,0.25,117960,1000,661440
FINNIFTY02JAN2420000PE.NFO,02/01/2024,09:47:29,0.25,0.2,372920,0.25,118360,0,661440
FINNIFTY02JAN2420000PE.NFO,02/01/2024,09:47:56,0.25,0.2,372920,0.25,118200,40,660760
FINNIFTY02JAN2420000PE.NFO,02/01/2024,09:48:06,0.25,0.2,372920,0.25,117640,560,660760
FINNIFTY02JAN2420000PE.NFO,02/01/2024,09:48:15,0.25,0.2,372920,0.25,117640,0,660760
FINNIFTY02JAN2420000PE.NFO,02/01/2024,09:48:23,0.2,0.2,350600,0.25,117640,20040,660760
FINNIFTY02JAN2420000PE.NFO,02/01/2024,09:48:32,0.2,0.2,352760,0.25,117760,240,660760
FINNIFTY02JAN2420000PE.NFO,02/01/2024,09:48:42,0.2,0.2,350000,0.25,135720,2760,660760
FINNIFTY02JAN2420000PE.NFO,02/01/2024,09:48:51,0.2,0.2,350000,0.25,139720,0,660760
FINNIFTY02JAN2420000PE.NFO,02/01/2024,09:49:19,0.2,0.2,347280,0.25,139720,320,660760
FINNIFTY02JAN2420000PE.NFO,02/01/2024,09:49:38,0.2,0.2,349680,0.25,140240,0,660760
FINNIFTY02JAN2420000PE.NFO,02/01/2024,09:49:56,0.2,0.2,349680,0.25,140640,0,660760
FINNIFTY02JAN2420000PE.NFO,02/01/2024,09:50:05,0.2,0.2,349560,0.25,140760,120,660760
FINNIFTY02JAN2420000PE.NFO,02/01/2024,09:50:14,0.2,0.2,349440,0.25,140760,120,660760
FINNIFTY02JAN2420000PE.NFO,02/01/2024,09:50:23,0.2,0.2,349440,0.25,140760,0,660760
FINNIFTY02JAN2420000PE.NFO,02/01/2024,09:51:08,0.25,0.2,349440,0.25,140240,320,660760
FINNIFTY02JAN2420000PE.NFO,02/01/2024,09:51:18,0.25,0.2,349440,0.25,140520,0,660760
FINNIFTY02JAN2420000PE.NFO,02/01/2024,09:51:28,0.25,0.2,335040,0.25,140560,0,660760
FINNIFTY02JAN2420000PE.NFO,02/01/2024,09:51:37,0.25,0.2,335040,0.25,140640,0,660760
FINNIFTY02JAN2420000PE.NFO,02/01/2024,09:51:47,0.25,0.2,335040,0.25,140800,0,660760
FINNIFTY02JAN2420000PE.NFO,02/01/2024,09:51:56,0.25,0.2,335040,0.25,139400,1600,660760
FINNIFTY02JAN2420000PE.NFO,02/01/2024,09:52:05,0.25,0.2,335040,0.25,137800,1600,660760
FINNIFTY02JAN2420000PE.NFO,02/01/2024,09:52:14,0.25,0.2,335040,0.25,139200,0,660760
FINNIFTY02JAN2420000PE.NFO,02/01/2024,09:52:41,0.25,0.2,335040,0.25,139040,160,660760
FINNIFTY02JAN2420000PE.NFO,02/01/2024,09:52:59,0.25,0.2,335040,0.25,139040,0,660760
FINNIFTY02JAN2420000PE.NFO,02/01/2024,09:53:36,0.25,0.2,308040,0.25,124640,0,660760
FINNIFTY02JAN2420000PE.NFO,02/01/2024,09:53:55,0.25,0.2,308040,0.25,124760,0,660760
FINNIFTY02JAN2420000PE.NFO,02/01/2024,09:54:04,0.25,0.2,308040,0.25,124880,0,660760
FINNIFTY02JAN2420000PE.NFO,02/01/2024,09:54:50,0.2,0.2,303040,0.25,124880,5000,660760
FINNIFTY02JAN2420000PE.NFO,02/01/2024,09:55:01,0.2,0.2,263960,0.25,124720,35000,660760
FINNIFTY02JAN2420000PE.NFO,02/01/2024,09:55:12,0.2,0.2,238760,0.25,143160,30000,660760
FINNIFTY02JAN2420000PE.NFO,02/01/2024,09:55:22,0.2,0.2,238760,0.25,146760,0,660760
FINNIFTY02JAN2420000PE.NFO,02/01/2024,09:55:32,0.25,0.2,238760,0.25,137880,12200,660760
FINNIFTY02JAN2420000PE.NFO,02/01/2024,09:55:42,0.2,0.2,231120,0.25,137880,3800,660760
FINNIFTY02JAN2420000PE.NFO,02/01/2024,09:55:52,0.2,0.2,228720,0.25,137880,1440,660760
FINNIFTY02JAN2420000PE.NFO,02/01/2024,09:56:04,0.2,0.2,228160,0.25,137840,5400,660760
FINNIFTY02JAN2420000PE.NFO,02/01/2024,09:56:16,0.25,0.2,227960,0.25,137280,760,660760
FINNIFTY02JAN2420000PE.NFO,02/01/2024,09:56:29,0.2,0.2,210880,0.25,137240,17120,660760
FINNIFTY02JAN2420000PE.NFO,02/01/2024,09:56:41,0.2,0.2,188240,0.25,145920,4640,660760
FINNIFTY02JAN2420000PE.NFO,02/01/2024,09:56:53,0.2,0.2,173680,0.25,143760,8400,723760
FINNIFTY02JAN2420000PE.NFO,02/01/2024,09:57:05,0.25,0.2,105000,0.25,143720,320,723760
FINNIFTY02JAN2420000PE.NFO,02/01/2024,09:57:18,0.25,0.2,112040,0.25,143440,480,723760
FINNIFTY02JAN2420000PE.NFO,02/01/2024,09:57:30,0.25,0.2,97320,0.25,146720,640,723760
FINNIFTY02JAN2420000PE.NFO,02/01/2024,09:57:43,0.2,0.2,140720,0.25,161120,5000,723760
FINNIFTY02JAN2420000PE.NFO,02/01/2024,09:57:54,0.2,0.2,133400,0.25,161080,7320,723760
FINNIFTY02JAN2420000PE.NFO,02/01/2024,09:58:05,0.2,0.2,131200,0.25,170280,4000,723760
FINNIFTY02JAN2420000PE.NFO,02/01/2024,09:58:16,0.25,0.2,130040,0.25,170040,1200,723760
FINNIFTY02JAN2420000PE.NFO,02/01/2024,09:58:28,0.25,0.2,139600,0.25,169360,1920,723760
FINNIFTY02JAN2420000PE.NFO,02/01/2024,09:58:41,0.25,0.2,140920,0.25,176360,2240,723760
FINNIFTY02JAN2420000PE.NFO,02/01/2024,09:58:51,0.25,0.2,139120,0.25,168840,2320,723760
FINNIFTY02JAN2420000PE.NFO,02/01/2024,09:59:02,0.25,0.2,139120,0.25,173360,360,723760
FINNIFTY02JAN2420000PE.NFO,02/01/2024,09:59:13,0.25,0.2,146240,0.25,169240,400,723760
FINNIFTY02JAN2420000PE.NFO,02/01/2024,09:59:26,0.2,0.2,142080,0.25,177440,560,723760
FINNIFTY02JAN2420000PE.NFO,02/01/2024,09:59:37,0.25,0.2,163680,0.25,169560,880,714160
FINNIFTY02JAN2420000PE.NFO,02/01/2024,09:59:48,0.2,0.2,158920,0.25,171280,4840,714160
FINNIFTY02JAN2420000PE.NFO,02/01/2024,09:59:59,0.25,0.2,157640,0.25,178400,1560,714160
FINNIFTY02JAN2420000PE.NFO,02/01/2024,10:00:10,0.25,0.2,155320,0.25,168720,2800,714160
FINNIFTY02JAN2420000PE.NFO,02/01/2024,10:00:22,0.25,0.2,155320,0.25,168360,360,714160
FINNIFTY02JAN2420000PE.NFO,02/01/2024,10:00:35,0.25,0.2,155320,0.25,173720,1840,714160
FINNIFTY02JAN2420000PE.NFO,02/01/2024,10:00:47,0.2,0.2,153920,0.25,173320,1800,714160
FINNIFTY02JAN2420000PE.NFO,02/01/2024,10:00:58,0.2,0.2,152720,0.25,165320,9200,714160
FINNIFTY02JAN2420000PE.NFO,02/01/2024,10:01:08,0.2,0.2,152080,0.25,165320,840,714160
FINNIFTY02JAN2420000PE.NFO,02/01/2024,10:01:19,0.2,0.2,151640,0.25,165320,440,714160
FINNIFTY02JAN2420000PE.NFO,02/01/2024,10:01:31,0.25,0.2,133480,0.25,165240,18240,714160
FINNIFTY02JAN2420000PE.NFO,02/01/2024,10:01:41,0.2,0.2,132280,0.25,167040,1200,714160
FINNIFTY02JAN2420000PE.NFO,02/01/2024,10:01:52,0.2,0.2,130000,0.25,176120,2280,714160
FINNIFTY02JAN2420000PE.NFO,02/01/2024,10:02:02,0.2,0.2,125520,0.25,175920,3280,714160
FINNIFTY02JAN2420000PE.NFO,02/01/2024,10:02:12,0.25,0.2,97320,0.25,176080,17440,714160
FINNIFTY02JAN2420000PE.NFO,02/01/2024,10:02:23,0.25,0.2,90720,0.25,168800,80,714160
FINNIFTY02JAN2420000PE.NFO,02/01/2024,10:02:33,0.2,0.2,72080,0.25,175800,640,714160
FINNIFTY02JAN2420000PE.NFO,02/01/2024,10:02:43,0.25,0.2,71480,0.25,174920,1400,707200
FINNIFTY02JAN2420000PE.NFO,02/01/2024,10:02:53,0.2,0.2,70680,0.25,167360,9800,707200
FINNIFTY02JAN2420000PE.NFO,02/01/2024,10:03:03,0.2,0.2,68880,0.25,155040,1800,707200
FINNIFTY02JAN2420000PE.NFO,02/01/2024,10:03:14,0.2,0.2,57600,0.25,155360,12760,707200
FINNIFTY02JAN2420000PE.NFO,02/01/2024,10:03:27,0.25,0.2,58040,0.25,154480,1520,707200
FINNIFTY02JAN2420000PE.NFO,02/01/2024,10:03:39,0.25,0.2,31040,0.25,154480,0,707200
FINNIFTY02JAN2420000PE.NFO,02/01/2024,10:03:50,0.2,0.15,472240,0.2,36400,56800,707200
FINNIFTY02JAN2420000PE.NFO,02/01/2024,10:04:00,0.2,0.15,532400,0.2,38840,1160,707200
FINNIFTY02JAN2420000PE.NFO,02/01/2024,10:04:10,0.15,0.15,523400,0.2,45200,10040,707200
FINNIFTY02JAN2420000PE.NFO,02/01/2024,10:04:10,0.15,0.15,523400,0.2,45200,0,707200
FINNIFTY02JAN2420000PE.NFO,02/01/2024,10:04:21,0.15,0.15,507200,0.2,48760,16240,707200
FINNIFTY02JAN2420000PE.NFO,02/01/2024,10:04:31,0.15,0.15,489200,0.2,70320,19560,707200
FINNIFTY02JAN2420000PE.NFO,02/01/2024,10:04:41,0.2,0.15,487400,0.2,72880,28640,707200
FINNIFTY02JAN2420000PE.NFO,02/01/2024,10:04:52,0.2,0.15,473000,0.2,101800,18120,707200
FINNIFTY02JAN2420000PE.NFO,02/01/2024,10:05:02,0.2,0.15,484600,0.2,123120,6720,707200
FINNIFTY02JAN2420000PE.NFO,02/01/2024,10:05:13,0.2,0.15,497200,0.2,130480,8680,707200
FINNIFTY02JAN2420000PE.NFO,02/01/2024,10:05:23,0.2,0.15,493160,0.2,141440,16480,707200
FINNIFTY02JAN2420000PE.NFO,02/01/2024,10:05:33,0.2,0.15,502160,0.2,144320,2720,707200
FINNIFTY02JAN2420000PE.NFO,02/01/2024,10:05:43,0.15,0.15,512760,0.2,139840,13680,697520
FINNIFTY02JAN2420000PE.NFO,02/01/2024,10:05:53,0.2,0.15,519360,0.2,139600,2640,697520
FINNIFTY02JAN2420000PE.NFO,02/01/2024,10:06:03,0.2,0.15,571720,0.2,117960,23640,697520
FINNIFTY02JAN2420000PE.NFO,02/01/2024,10:06:13,0.2,0.15,576520,0.2,16280,109120,697520
FINNIFTY02JAN2420000PE.NFO,02/01/2024,10:06:24,0.25,0.2,127040,0.25,169840,81040,697520
FINNIFTY02JAN2420000PE.NFO,02/01/2024,10:06:34,0.2,0.2,104560,0.25,208560,23000,697520
FINNIFTY02JAN2420000PE.NFO,02/01/2024,10:06:44,0.2,0.2,91120,0.25,255240,2760,697520
FINNIFTY02JAN2420000PE.NFO,02/01/2024,10:06:55,0.2,0.2,98240,0.25,285600,120,697520
FINNIFTY02JAN2420000PE.NFO,02/01/2024,10:07:05,0.2,0.2,98240,0.25,287400,0,697520
FINNIFTY02JAN2420000PE.NFO,02/01/2024,10:07:15,0.2,0.2,81960,0.25,272240,6240,697520
FINNIFTY02JAN2420000PE.NFO,02/01/2024,10:07:26,0.2,0.2,31240,0.25,262560,29800,697520
FINNIFTY02JAN2420000PE.NFO,02/01/2024,10:07:37,0.2,0.2,27520,0.25,267000,4280,697520
FINNIFTY02JAN2420000PE.NFO,02/01/2024,10:07:48,0.2,0.2,30840,0.25,266760,560,697520
FINNIFTY02JAN2420000PE.NFO,02/01/2024,10:07:58,0.25,0.2,30080,0.25,266680,120,697520
FINNIFTY02JAN2420000PE.NFO,02/01/2024,10:08:08,0.2,0.2,38560,0.25,265960,1240,697520
FINNIFTY02JAN2420000PE.NFO,02/01/2024,10:08:18,0.25,0.2,38560,0.25,267080,320,697520
FINNIFTY02JAN2420000PE.NFO,02/01/2024,10:08:28,0.25,0.2,62840,0.25,275760,960,697520
FINNIFTY02JAN2420000PE.NFO,02/01/2024,10:08:38,0.25,0.2,80760,0.25,293280,560,701240
FINNIFTY02JAN2420000PE.NFO,02/01/2024,10:08:48,0.25,0.2,79640,0.25,305120,1720,701240
FINNIFTY02JAN2420000PE.NFO,02/01/2024,10:08:58,0.25,0.2,79480,0.25,304800,480,701240
FINNIFTY02JAN2420000PE.NFO,02/01/2024,10:09:08,0.25,0.2,79480,0.25,304520,80,701240
FINNIFTY02JAN2420000PE.NFO,02/01/2024,10:09:18,0.2,0.2,65080,0.25,308640,14440,701240
FINNIFTY02JAN2420000PE.NFO,02/01/2024,10:09:28,0.2,0.2,58080,0.25,308320,5720,701240
FINNIFTY02JAN2420000PE.NFO,02/01/2024,10:09:37,0.2,0.2,51680,0.25,308120,6400,701240
FINNIFTY02JAN2420000PE.NFO,02/01/2024,10:09:47,0.2,0.2,53440,0.25,305520,2640,701240
FINNIFTY02JAN2420000PE.NFO,02/01/2024,10:09:57,0.25,0.2,53440,0.25,305360,160,701240
FINNIFTY02JAN2420000PE.NFO,02/01/2024,10:10:07,0.25,0.2,53440,0.25,303320,1960,701240
FINNIFTY02JAN2420000PE.NFO,02/01/2024,10:10:17,0.25,0.2,60640,0.25,302280,1040,701240
FINNIFTY02JAN2420000PE.NFO,02/01/2024,10:10:26,0.25,0.2,60640,0.25,298040,640,701240
FINNIFTY02JAN2420000PE.NFO,02/01/2024,10:10:36,0.25,0.2,60640,0.25,306920,320,701240
FINNIFTY02JAN2420000PE.NFO,02/01/2024,10:10:46,0.25,0.2,60640,0.25,310160,160,701240
FINNIFTY02JAN2420000PE.NFO,02/01/2024,10:10:56,0.2,0.2,60560,0.25,302800,240,701240
FINNIFTY02JAN2420000PE.NFO,02/01/2024,10:11:16,0.2,0.2,57160,0.25,307560,5840,701240
FINNIFTY02JAN2420000PE.NFO,02/01/2024,10:11:26,0.25,0.2,55160,0.25,313280,2040,701240
FINNIFTY02JAN2420000PE.NFO,02/01/2024,10:11:36,0.25,0.2,55160,0.25,312720,560,701240
FINNIFTY02JAN2420000PE.NFO,02/01/2024,10:11:45,0.25,0.2,54840,0.25,312560,480,701880
FINNIFTY02JAN2420000PE.NFO,02/01/2024,10:11:54,0.2,0.2,53640,0.25,314000,1200,701880
FINNIFTY02JAN2420000PE.NFO,02/01/2024,10:12:13,0.25,0.2,44320,0.25,311640,5960,701880
FINNIFTY02JAN2420000PE.NFO,02/01/2024,10:12:22,0.25,0.2,46120,0.25,308760,2880,701880
FINNIFTY02JAN2420000PE.NFO,02/01/2024,10:12:32,0.25,0.2,46120,0.25,308200,1560,701880
FINNIFTY02JAN2420000PE.NFO,02/01/2024,10:12:43,0.25,0.2,46120,0.25,303200,7160,701880
FINNIFTY02JAN2420000PE.NFO,02/01/2024,10:12:54,0.25,0.2,46120,0.25,302840,360,701880
FINNIFTY02JAN2420000PE.NFO,02/01/2024,10:13:04,0.25,0.2,57640,0.25,300840,2000,701880
FINNIFTY02JAN2420000PE.NFO,02/01/2024,10:13:14,0.25,0.2,57640,0.25,294800,6040,701880
FINNIFTY02JAN2420000PE.NFO,02/01/2024,10:13:24,0.25,0.2,60520,0.25,294800,0,701880
FINNIFTY02JAN2420000PE.NFO,02/01/2024,10:13:34,0.25,0.2,63400,0.25,294800,0,701880
FINNIFTY02JAN2420000PE.NFO,02/01/2024,10:13:44,0.25,0.2,66280,0.25,294800,0,701880
FINNIFTY02JAN2420000PE.NFO,02/01/2024,10:14:04,0.25,0.2,66280,0.25,293720,1080,701880
FINNIFTY02JAN2420000PE.NFO,02/01/2024,10:14:14,0.2,0.2,65920,0.25,293600,680,701880
FINNIFTY02JAN2420000PE.NFO,02/01/2024,10:14:24,0.2,0.2,65600,0.25,293600,320,701880
FINNIFTY02JAN2420000PE.NFO,02/01/2024,10:14:34,0.2,0.2,63520,0.25,294400,280,701880
FINNIFTY02JAN2420000PE.NFO,02/01/2024,10:14:45,0.2,0.2,33960,0.25,294120,9680,701600
FINNIFTY02JAN2420000PE.NFO,02/01/2024,10:14:54,0.2,0.2,29480,0.25,293480,4920,701600
FINNIFTY02JAN2420000PE.NFO,02/01/2024,10:15:04,0.15,0.15,480680,0.2,110600,46240,701600
FINNIFTY02JAN2420000PE.NFO,02/01/2024,10:15:14,0.15,0.15,480680,0.2,110600,0,701600
FINNIFTY02JAN2420000PE.NFO,02/01/2024,10:15:24,0.15,0.15,480480,0.2,110600,200,701600
FINNIFTY02JAN2420000PE.NFO,02/01/2024,10:15:34,0.2,0.15,481000,0.2,109760,920,701600
FINNIFTY02JAN2420000PE.NFO,02/01/2024,10:15:44,0.2,0.15,485320,0.2,112160,280,701600
FINNIFTY02JAN2420000PE.NFO,02/01/2024,10:15:53,0.2,0.15,496840,0.2,111880,280,701600
FINNIFTY02JAN2420000PE.NFO,02/01/2024,10:16:03,0.2,0.15,496840,0.2,111760,120,701600
FINNIFTY02JAN2420000PE.NFO,02/01/2024,10:16:13,0.15,0.15,499000,0.2,111720,720,701600
FINNIFTY02JAN2420000PE.NFO,02/01/2024,10:16:23,0.2,0.15,497080,0.2,108680,4960,701600
FINNIFTY02JAN2420000PE.NFO,02/01/2024,10:16:33,0.2,0.15,497040,0.2,111080,3040,701600
FINNIFTY02JAN2420000PE.NFO,02/01/2024,10:16:43,0.2,0.15,498040,0.2,111080,0,701600
FINNIFTY02JAN2420000PE.NFO,02/01/2024,10:16:52,0.2,0.15,497840,0.2,110440,1760,701600
FINNIFTY02JAN2420000PE.NFO,02/01/2024,10:17:02,0.2,0.15,497840,0.2,156520,0,701600
FINNIFTY02JAN2420000PE.NFO,02/01/2024,10:17:12,0.2,0.15,497840,0.2,171240,400,701600
FINNIFTY02JAN2420000PE.NFO,02/01/2024,10:17:22,0.2,0.15,497840,0.2,177920,520,701600
FINNIFTY02JAN2420000PE.NFO,02/01/2024,10:17:32,0.2,0.15,497840,0.2,174640,3280,701600
FINNIFTY02JAN2420000PE.NFO,02/01/2024,10:17:42,0.2,0.15,493840,0.2,167400,10440,697680
FINNIFTY02JAN2420000PE.NFO,02/01/2024,10:17:51,0.15,0.15,493400,0.2,164400,3440,697680
FINNIFTY02JAN2420000PE.NFO,02/01/2024,10:18:01,0.2,0.15,493400,0.2,163080,1440,697680
FINNIFTY02JAN2420000PE.NFO,02/01/2024,10:18:20,0.2,0.15,493400,0.2,163040,40,697680
FINNIFTY02JAN2420000PE.NFO,02/01/2024,10:18:30,0.15,0.15,493160,0.2,163040,240,697680
FINNIFTY02JAN2420000PE.NFO,02/01/2024,10:18:49,0.15,0.15,493160,0.2,163040,0,697680
FINNIFTY02JAN2420000PE.NFO,02/01/2024,10:19:17,0.2,0.15,493120,0.2,163000,80,697680
FINNIFTY02JAN2420000PE.NFO,02/01/2024,10:19:27,0.2,0.15,493120,0.2,174920,0,697680
FINNIFTY02JAN2420000PE.NFO,02/01/2024,10:19:36,0.15,0.15,491720,0.2,174920,1400,697680
FINNIFTY02JAN2420000PE.NFO,02/01/2024,10:19:45,0.2,0.15,491720,0.2,173360,1560,697680
FINNIFTY02JAN2420000PE.NFO,02/01/2024,10:19:55,0.15,0.15,489920,0.2,173360,1800,697680
FINNIFTY02JAN2420000PE.NFO,02/01/2024,10:20:04,0.15,0.15,489920,0.2,174760,0,697680
FINNIFTY02JAN2420000PE.NFO,02/01/2024,10:20:14,0.15,0.15,524120,0.2,181760,2000,697680
FINNIFTY02JAN2420000PE.NFO,02/01/2024,10:20:23,0.2,0.15,522320,0.2,181600,1960,697680
FINNIFTY02JAN2420000PE.NFO,02/01/2024,10:20:33,0.2,0.15,486320,0.2,185160,480,697680
FINNIFTY02JAN2420000PE.NFO,02/01/2024,10:20:43,0.2,0.15,486320,0.2,190600,0,697680
FINNIFTY02JAN2420000PE.NFO,02/01/2024,10:20:53,0.2,0.15,486320,0.2,192400,0,697680
FINNIFTY02JAN2420000PE.NFO,02/01/2024,10:21:02,0.2,0.15,486360,0.2,190160,0,697680
FINNIFTY02JAN2420000PE.NFO,02/01/2024,10:21:12,0.2,0.15,486360,0.2,189760,400,697480
FINNIFTY02JAN2420000PE.NFO,02/01/2024,10:21:22,0.2,0.15,488160,0.2,188920,840,697480
FINNIFTY02JAN2420000PE.NFO,02/01/2024,10:21:32,0.15,0.15,487800,0.2,188920,360,697480
FINNIFTY02JAN2420000PE.NFO,02/01/2024,10:21:42,0.2,0.15,487640,0.2,192760,640,697480
FINNIFTY02JAN2420000PE.NFO,02/01/2024,10:21:52,0.15,0.15,487520,0.2,240400,600,697480
FINNIFTY02JAN2420000PE.NFO,02/01/2024,10:22:01,0.2,0.15,484760,0.2,241640,2560,697480
FINNIFTY02JAN2420000PE.NFO,02/01/2024,10:22:11,0.2,0.15,484760,0.2,242160,40,697480
FINNIFTY02JAN2420000PE.NFO,02/01/2024,10:22:21,0.15,0.15,484320,0.2,241320,840,697480
FINNIFTY02JAN2420000PE.NFO,02/01/2024,10:22:31,0.15,0.15,482520,0.2,232040,9280,697480
FINNIFTY02JAN2420000PE.NFO,02/01/2024,10:22:41,0.2,0.15,482520,0.2,231480,560,697480
FINNIFTY02JAN2420000PE.NFO,02/01/2024,10:22:51,0.2,0.15,481920,0.2,231400,680,697480
FINNIFTY02JAN2420000PE.NFO,02/01/2024,10:23:01,0.2,0.15,485520,0.2,231400,0,697480
FINNIFTY02JAN2420000PE.NFO,02/01/2024,10:23:11,0.15,0.15,485480,0.2,235000,40,697480
FINNIFTY02JAN2420000PE.NFO,02/01/2024,10:23:21,0.2,0.15,485440,0.2,234640,400,697480
FINNIFTY02JAN2420000PE.NFO,02/01/2024,10:23:31,0.2,0.15,485040,0.2,234000,1040,697480
FINNIFTY02JAN2420000PE.NFO,02/01/2024,10:23:41,0.2,0.15,485040,0.2,223880,10120,695600
FINNIFTY02JAN2420000PE.NFO,02/01/2024,10:24:02,0.15,0.15,484040,0.2,223880,1000,695600
FINNIFTY02JAN2420000PE.NFO,02/01/2024,10:24:12,0.2,0.15,483960,0.2,211000,360,695600
FINNIFTY02JAN2420000PE.NFO,02/01/2024,10:24:22,0.2,0.15,483160,0.2,218120,880,695600
FINNIFTY02JAN2420000PE.NFO,02/01/2024,10:24:32,0.2,0.15,483160,0.2,218120,0,695600
FINNIFTY02JAN2420000PE.NFO,02/01/2024,10:24:42,0.2,0.15,485040,0.2,218120,0,695600
FINNIFTY02JAN2420000PE.NFO,02/01/2024,10:24:52,0.15,0.15,482120,0.2,218120,2920,695600
FINNIFTY02JAN2420000PE.NFO,02/01/2024,10:25:04,0.2,0.15,482120,0.2,218000,120,695600
FINNIFTY02JAN2420000PE.NFO,02/01/2024,10:25:15,0.2,0.15,481920,0.2,216200,2000,695600
FINNIFTY02JAN2420000PE.NFO,02/01/2024,10:25:26,0.2,0.15,481920,0.2,219160,40,695600
FINNIFTY02JAN2420000PE.NFO,02/01/2024,10:25:36,0.2,0.15,481920,0.2,221920,240,695600
FINNIFTY02JAN2420000PE.NFO,02/01/2024,10:25:47,0.2,0.15,481920,0.2,221640,280,695600
FINNIFTY02JAN2420000PE.NFO,02/01/2024,10:25:57,0.2,0.15,488920,0.2,221560,680,695600
FINNIFTY02JAN2420000PE.NFO,02/01/2024,10:26:07,0.2,0.15,488920,0.2,220320,640,695600
FINNIFTY02JAN2420000PE.NFO,02/01/2024,10:26:31,0.2,0.15,487120,0.2,219200,2920,695600
FINNIFTY02JAN2420000PE.NFO,02/01/2024,10:26:42,0.2,0.15,488480,0.2,217680,3760,696920
FINNIFTY02JAN2420000PE.NFO,02/01/2024,10:26:54,0.2,0.15,488400,0.2,217040,640,696920
FINNIFTY02JAN2420000PE.NFO,02/01/2024,10:27:05,0.15,0.15,487360,0.2,217040,1040,696920
FINNIFTY02JAN2420000PE.NFO,02/01/2024,10:27:16,0.2,0.15,501520,0.2,218800,2080,696920
FINNIFTY02JAN2420000PE.NFO,02/01/2024,10:27:27,0.2,0.15,501520,0.2,218560,240,696920
FINNIFTY02JAN2420000PE.NFO,02/01/2024,10:27:37,0.2,0.15,501520,0.2,220280,80,696920
FINNIFTY02JAN2420000PE.NFO,02/01/2024,10:27:47,0.2,0.15,501520,0.2,220280,0,696920
FINNIFTY02JAN2420000PE.NFO,02/01/2024,10:27:58,0.2,0.15,501520,0.2,221200,80,696920
FINNIFTY02JAN2420000PE.NFO,02/01/2024,10:28:08,0.2,0.15,501520,0.2,219920,1280,696920
FINNIFTY02JAN2420000PE.NFO,02/01/2024,10:28:18,0.2,0.15,501520,0.2,219880,40,696920
FINNIFTY02JAN2420000PE.NFO,02/01/2024,10:28:29,0.2,0.15,501520,0.2,223520,0,696920
FINNIFTY02JAN2420000PE.NFO,02/01/2024,10:28:58,0.2,0.15,501520,0.2,223280,240,696920
FINNIFTY02JAN2420000PE.NFO,02/01/2024,10:29:08,0.15,0.15,500880,0.2,223280,640,696920
FINNIFTY02JAN2420000PE.NFO,02/01/2024,10:29:28,0.2,0.15,499080,0.2,222560,720,696920
FINNIFTY02JAN2420000PE.NFO,02/01/2024,10:29:38,0.15,0.15,499000,0.2,220760,1880,696920
FINNIFTY02JAN2420000PE.NFO,02/01/2024,10:29:49,0.2,0.15,499000,0.2,219640,1120,697880
FINNIFTY02JAN2420000PE.NFO,02/01/2024,10:29:59,0.2,0.15,499000,0.2,218440,0,697880
FINNIFTY02JAN2420000PE.NFO,02/01/2024,10:30:11,0.2,0.15,498600,0.2,217400,1440,697880
FINNIFTY02JAN2420000PE.NFO,02/01/2024,10:30:22,0.2,0.15,444600,0.2,218680,520,697880
FINNIFTY02JAN2420000PE.NFO,02/01/2024,10:30:34,0.2,0.15,424440,0.2,216440,2240,697880
FINNIFTY02JAN2420000PE.NFO,02/01/2024,10:30:44,0.2,0.15,424400,0.2,216360,120,697880
FINNIFTY02JAN2420000PE.NFO,02/01/2024,10:30:54,0.2,0.15,424400,0.2,216720,240,697880
FINNIFTY02JAN2420000PE.NFO,02/01/2024,10:31:04,0.2,0.15,424400,0.2,213120,3000,697880
FINNIFTY02JAN2420000PE.NFO,02/01/2024,10:31:14,0.2,0.15,424400,0.2,213080,40,697880
FINNIFTY02JAN2420000PE.NFO,02/01/2024,10:31:24,0.2,0.15,424400,0.2,213040,40,697880
FINNIFTY02JAN2420000PE.NFO,02/01/2024,10:31:33,0.2,0.15,424400,0.2,213000,40,697880
FINNIFTY02JAN2420000PE.NFO,02/01/2024,10:31:44,0.2,0.15,424400,0.2,212920,680,697880
FINNIFTY02JAN2420000PE.NFO,02/01/2024,10:31:55,0.2,0.15,424400,0.2,211880,440,697880
FINNIFTY02JAN2420000PE.NFO,02/01/2024,10:32:05,0.2,0.15,424440,0.2,211800,680,697880
FINNIFTY02JAN2420000PE.NFO,02/01/2024,10:32:26,0.2,0.15,424440,0.2,210960,240,697880
FINNIFTY02JAN2420000PE.NFO,02/01/2024,10:32:36,0.2,0.15,424440,0.2,210640,320,697880
FINNIFTY02JAN2420000PE.NFO,02/01/2024,10:32:46,0.2,0.15,424440,0.2,209600,1000,691000
FINNIFTY02JAN2420000PE.NFO,02/01/2024,10:32:56,0.2,0.15,424440,0.2,215000,0,691000
FINNIFTY02JAN2420000PE.NFO,02/01/2024,10:33:15,0.15,0.15,422640,0.2,213200,1800,691000
FINNIFTY02JAN2420000PE.NFO,02/01/2024,10:33:25,0.2,0.15,422640,0.2,214960,40,691000
FINNIFTY02JAN2420000PE.NFO,02/01/2024,10:33:34,0.2,0.15,423640,0.2,214960,0,691000
FINNIFTY02JAN2420000PE.NFO,02/01/2024,10:34:14,0.15,0.15,423280,0.2,214960,360,691000
FINNIFTY02JAN2420000PE.NFO,02/01/2024,10:34:24,0.2,0.15,423080,0.2,214920,240,691000
FINNIFTY02JAN2420000PE.NFO,02/01/2024,10:35:03,0.2,0.15,422080,0.2,212800,2120,691000
FINNIFTY02JAN2420000PE.NFO,02/01/2024,10:36:25,0.2,0.15,422080,0.2,212280,520,689000
FINNIFTY02JAN2420000PE.NFO,02/01/2024,10:36:38,0.15,0.15,420400,0.2,212280,1680,689000
FINNIFTY02JAN2420000PE.NFO,02/01/2024,10:36:50,0.15,0.15,424720,0.2,205080,2600,689000
FINNIFTY02JAN2420000PE.NFO,02/01/2024,10:37:01,0.2,0.15,424640,0.2,215840,40,689000
FINNIFTY02JAN2420000PE.NFO,02/01/2024,10:37:13,0.2,0.15,424640,0.2,216240,0,689000
FINNIFTY02JAN2420000PE.NFO,02/01/2024,10:37:25,0.2,0.15,422200,0.2,215840,2840,689000
FINNIFTY02JAN2420000PE.NFO,02/01/2024,10:37:46,0.2,0.15,422200,0.2,214600,1240,689000
FINNIFTY02JAN2420000PE.NFO,02/01/2024,10:37:57,0.15,0.15,421000,0.2,216400,1200,689000
FINNIFTY02JAN2420000PE.NFO,02/01/2024,10:38:07,0.15,0.15,421000,0.2,218200,0,689000
FINNIFTY02JAN2420000PE.NFO,02/01/2024,10:38:27,0.15,0.15,420960,0.2,217240,1000,689000
FINNIFTY02JAN2420000PE.NFO,02/01/2024,10:38:37,0.15,0.15,420680,0.2,217240,280,689000
FINNIFTY02JAN2420000PE.NFO,02/01/2024,10:38:47,0.15,0.15,420480,0.2,217000,440,690720
FINNIFTY02JAN2420000PE.NFO,02/01/2024,10:38:58,0.15,0.15,409920,0.2,217000,1880,690720
FINNIFTY02JAN2420000PE.NFO,02/01/2024,10:39:10,0.2,0.15,409920,0.2,216920,80,690720
FINNIFTY02JAN2420000PE.NFO,02/01/2024,10:39:22,0.15,0.15,409520,0.2,218680,440,690720
FINNIFTY02JAN2420000PE.NFO,02/01/2024,10:39:33,0.15,0.15,408520,0.2,218680,1000,690720
FINNIFTY02JAN2420000PE.NFO,02/01/2024,10:39:44,0.15,0.15,408520,0.2,220080,0,690720
FINNIFTY02JAN2420000PE.NFO,02/01/2024,10:39:55,0.15,0.15,409720,0.2,220080,0,690720
FINNIFTY02JAN2420000PE.NFO,02/01/2024,10:40:06,0.2,0.15,408520,0.2,218880,1200,690720
FINNIFTY02JAN2420000PE.NFO,02/01/2024,10:40:28,0.15,0.15,407320,0.2,220080,1200,690720
FINNIFTY02JAN2420000PE.NFO,02/01/2024,10:40:38,0.2,0.15,397320,0.2,219880,200,690720
FINNIFTY02JAN2420000PE.NFO,02/01/2024,10:40:48,0.2,0.15,383320,0.2,219840,40,690720
FINNIFTY02JAN2420000PE.NFO,02/01/2024,10:41:10,0.2,0.15,383320,0.2,219480,360,690720
FINNIFTY02JAN2420000PE.NFO,02/01/2024,10:41:21,0.2,0.15,383320,0.2,219440,40,690720
FINNIFTY02JAN2420000PE.NFO,02/01/2024,10:41:52,0.15,0.15,383040,0.2,217640,2080,690480
FINNIFTY02JAN2420000PE.NFO,02/01/2024,10:42:03,0.15,0.15,382760,0.2,217920,280,690480
FINNIFTY02JAN2420000PE.NFO,02/01/2024,10:42:14,0.2,0.15,382520,0.2,217880,280,690480
FINNIFTY02JAN2420000PE.NFO,02/01/2024,10:42:34,0.15,0.15,384240,0.2,220280,1280,690480
FINNIFTY02JAN2420000PE.NFO,02/01/2024,10:42:45,0.15,0.15,384080,0.2,221520,1320,690480
FINNIFTY02JAN2420000PE.NFO,02/01/2024,10:42:55,0.15,0.15,383840,0.2,219320,2440,690480
FINNIFTY02JAN2420000PE.NFO,02/01/2024,10:43:07,0.15,0.15,383560,0.2,219480,560,690480
FINNIFTY02JAN2420000PE.NFO,02/01/2024,10:43:17,0.15,0.15,383360,0.2,219240,440,690480
FINNIFTY02JAN2420000PE.NFO,02/01/2024,10:43:28,0.2,0.15,382400,0.2,218160,1240,690480
FINNIFTY02JAN2420000PE.NFO,02/01/2024,10:43:39,0.15,0.15,382360,0.2,218760,40,690480
FINNIFTY02JAN2420000PE.NFO,02/01/2024,10:43:49,0.15,0.15,382200,0.2,218760,160,690480
FINNIFTY02JAN2420000PE.NFO,02/01/2024,10:43:59,0.15,0.15,382080,0.2,218760,120,690480
FINNIFTY02JAN2420000PE.NFO,02/01/2024,10:44:09,0.15,0.15,360240,0.2,219000,240,690480
FINNIFTY02JAN2420000PE.NFO,02/01/2024,10:44:20,0.15,0.15,360040,0.2,218640,560,690480
FINNIFTY02JAN2420000PE.NFO,02/01/2024,10:44:30,0.15,0.15,359800,0.2,218240,1080,690480
FINNIFTY02JAN2420000PE.NFO,02/01/2024,10:44:40,0.15,0.15,359480,0.2,218280,520,685000
FINNIFTY02JAN2420000PE.NFO,02/01/2024,10:44:51,0.15,0.15,350160,0.2,218280,320,685000
FINNIFTY02JAN2420000PE.NFO,02/01/2024,10:45:01,0.15,0.15,349920,0.2,201040,21640,685000
FINNIFTY02JAN2420000PE.NFO,02/01/2024,10:45:12,0.15,0.15,349600,0.2,201480,320,685000
FINNIFTY02JAN2420000PE.NFO,02/01/2024,10:45:22,0.15,0.15,349440,0.2,199680,160,685000
FINNIFTY02JAN2420000PE.NFO,02/01/2024,10:45:32,0.2,0.15,349280,0.2,199680,1960,685000
FINNIFTY02JAN2420000PE.NFO,02/01/2024,10:45:42,0.15,0.15,349040,0.2,199640,280,685000
FINNIFTY02JAN2420000PE.NFO,02/01/2024,10:45:52,0.15,0.15,348960,0.2,200440,80,685000
FINNIFTY02JAN2420000PE.NFO,02/01/2024,10:46:02,0.15,0.15,348880,0.2,200440,80,685000
FINNIFTY02JAN2420000PE.NFO,02/01/2024,10:46:12,0.2,0.15,346960,0.2,198440,2120,685000
FINNIFTY02JAN2420000PE.NFO,02/01/2024,10:46:22,0.15,0.15,346920,0.2,200560,40,685000
FINNIFTY02JAN2420000PE.NFO,02/01/2024,10:46:31,0.15,0.15,346880,0.2,200560,40,685000
FINNIFTY02JAN2420000PE.NFO,02/01/2024,10:46:41,0.15,0.15,333960,0.2,199760,13760,685000
FINNIFTY02JAN2420000PE.NFO,02/01/2024,10:46:51,0.2,0.15,292000,0.2,205120,6040,685000
FINNIFTY02JAN2420000PE.NFO,02/01/2024,10:47:02,0.15,0.15,281640,0.2,204000,11480,685000
FINNIFTY02JAN2420000PE.NFO,02/01/2024,10:47:12,0.2,0.15,263200,0.2,218360,480,685000
FINNIFTY02JAN2420000PE.NFO,02/01/2024,10:47:22,0.15,0.15,316760,0.2,216320,2480,685000
FINNIFTY02JAN2420000PE.NFO,02/01/2024,10:47:32,0.2,0.15,316360,0.2,215920,800,685000
FINNIFTY02JAN2420000PE.NFO,02/01/2024,10:47:42,0.2,0.15,316360,0.2,215920,0,685000
FINNIFTY02JAN2420000PE.NFO,02/01/2024,10:48:03,0.2,0.15,311960,0.2,215520,3000,682360
FINNIFTY02JAN2420000PE.NFO,02/01/2024,10:48:13,0.2,0.15,311160,0.2,217120,200,682360
FINNIFTY02JAN2420000PE.NFO,02/01/2024,10:48:24,0.2,0.15,306160,0.2,216800,320,682360
FINNIFTY02JAN2420000PE.NFO,02/01/2024,10:48:34,0.15,0.15,305960,0.2,217600,200,682360
FINNIFTY02JAN2420000PE.NFO,02/01/2024,10:48:43,0.15,0.15,282560,0.2,217600,23400,682360
FINNIFTY02JAN2420000PE.NFO,02/01/2024,10:48:53,0.15,0.15,281520,0.2,245600,4640,682360
FINNIFTY02JAN2420000PE.NFO,02/01/2024,10:49:13,0.15,0.15,282160,0.2,244760,1000,682360
FINNIFTY02JAN2420000PE.NFO,02/01/2024,10:49:24,0.2,0.15,281320,0.2,243960,840,682360
FINNIFTY02JAN2420000PE.NFO,02/01/2024,10:49:35,0.15,0.15,280760,0.2,245760,560,682360
FINNIFTY02JAN2420000PE.NFO,02/01/2024,10:49:45,0.2,0.15,280760,0.2,243960,1800,682360
FINNIFTY02JAN2420000PE.NFO,02/01/2024,10:50:05,0.2,0.15,280760,0.2,243760,200,682360
FINNIFTY02JAN2420000PE.NFO,02/01/2024,10:50:16,0.2,0.15,232160,0.2,243760,0,682360
FINNIFTY02JAN2420000PE.NFO,02/01/2024,10:50:27,0.2,0.15,206760,0.2,241640,2320,682360
FINNIFTY02JAN2420000PE.NFO,02/01/2024,10:50:38,0.2,0.15,204960,0.2,239400,2240,682360
FINNIFTY02JAN2420000PE.NFO,02/01/2024,10:50:48,0.15,0.15,203160,0.2,243000,1800,679760
FINNIFTY02JAN2420000PE.NFO,02/01/2024,10:50:58,0.2,0.15,203160,0.2,244800,1800,679760
FINNIFTY02JAN2420000PE.NFO,02/01/2024,10:51:07,0.2,0.15,203160,0.2,246480,120,679760
FINNIFTY02JAN2420000PE.NFO,02/01/2024,10:51:17,0.15,0.15,202960,0.2,246440,240,679760
FINNIFTY02JAN2420000PE.NFO,02/01/2024,10:51:27,0.15,0.15,202960,0.2,246440,0,679760
FINNIFTY02JAN2420000PE.NFO,02/01/2024,10:51:37,0.15,0.15,202400,0.2,246440,560,679760
FINNIFTY02JAN2420000PE.NFO,02/01/2024,10:51:47,0.15,0.15,202120,0.2,246440,280,679760
FINNIFTY02JAN2420000PE.NFO,02/01/2024,10:51:57,0.15,0.15,201560,0.2,246440,560,679760
FINNIFTY02JAN2420000PE.NFO,02/01/2024,10:52:06,0.2,0.15,198680,0.2,246360,80,679760
FINNIFTY02JAN2420000PE.NFO,02/01/2024,10:52:16,0.15,0.15,198280,0.2,248160,400,679760
FINNIFTY02JAN2420000PE.NFO,02/01/2024,10:52:55,0.15,0.15,196480,0.2,246360,1800,679760
FINNIFTY02JAN2420000PE.NFO,02/01/2024,10:53:05,0.15,0.15,194680,0.2,246360,1800,679760
FINNIFTY02JAN2420000PE.NFO,02/01/2024,10:53:15,0.2,0.15,192880,0.2,237320,3640,679760
FINNIFTY02JAN2420000PE.NFO,02/01/2024,10:53:24,0.15,0.15,189280,0.2,237320,1800,679760
FINNIFTY02JAN2420000PE.NFO,02/01/2024,10:53:34,0.15,0.15,164080,0.2,235520,1800,679760
FINNIFTY02JAN2420000PE.NFO,02/01/2024,10:53:44,0.15,0.15,160480,0.2,231920,3600,681360
FINNIFTY02JAN2420000PE.NFO,02/01/2024,10:53:53,0.15,0.15,142480,0.2,231920,0,681360
FINNIFTY02JAN2420000PE.NFO,02/01/2024,10:54:03,0.15,0.15,140680,0.2,230120,1800,681360
FINNIFTY02JAN2420000PE.NFO,02/01/2024,10:54:40,0.2,0.15,140680,0.2,229920,200,681360
FINNIFTY02JAN2420000PE.NFO,02/01/2024,10:54:50,0.2,0.15,140680,0.2,231520,200,681360
FINNIFTY02JAN2420000PE.NFO,02/01/2024,10:54:59,0.2,0.15,140680,0.2,229720,0,681360
FINNIFTY02JAN2420000PE.NFO,02/01/2024,10:55:17,0.2,0.15,140680,0.2,229840,280,681360
FINNIFTY02JAN2420000PE.NFO,02/01/2024,10:55:26,0.2,0.15,140680,0.2,231640,0,681360
FINNIFTY02JAN2420000PE.NFO,02/01/2024,10:55:36,0.2,0.15,140680,0.2,231440,200,681360
FINNIFTY02JAN2420000PE.NFO,02/01/2024,10:55:46,0.2,0.15,140680,0.2,231400,40,681360
FINNIFTY02JAN2420000PE.NFO,02/01/2024,10:56:05,0.15,0.15,140280,0.2,231000,400,681360
FINNIFTY02JAN2420000PE.NFO,02/01/2024,10:56:23,0.2,0.15,139880,0.2,230960,440,681360
FINNIFTY02JAN2420000PE.NFO,02/01/2024,10:56:33,0.2,0.15,139880,0.2,230760,200,681360
FINNIFTY02JAN2420000PE.NFO,02/01/2024,10:56:52,0.15,0.15,138520,0.2,230760,1360,680680
FINNIFTY02JAN2420000PE.NFO,02/01/2024,10:57:02,0.2,0.15,138520,0.2,230600,160,680680
FINNIFTY02JAN2420000PE.NFO,02/01/2024,10:57:22,0.15,0.15,139120,0.2,230600,200,680680
FINNIFTY02JAN2420000PE.NFO,02/01/2024,10:57:41,0.15,0.15,139000,0.2,230600,120,680680
FINNIFTY02JAN2420000PE.NFO,02/01/2024,10:57:51,0.2,0.15,140400,0.2,230400,200,680680
FINNIFTY02JAN2420000PE.NFO,02/01/2024,10:58:01,0.2,0.15,139000,0.2,228360,2640,680680
FINNIFTY02JAN2420000PE.NFO,02/01/2024,10:58:11,0.2,0.15,139000,0.2,227520,240,680680
FINNIFTY02JAN2420000PE.NFO,02/01/2024,10:58:20,0.2,0.15,139000,0.2,227880,240,680680
FINNIFTY02JAN2420000PE.NFO,02/01/2024,10:58:29,0.2,0.15,147000,0.2,227280,0,680680
FINNIFTY02JAN2420000PE.NFO,02/01/2024,10:58:57,0.2,0.15,147000,0.2,227080,200,680680
FINNIFTY02JAN2420000PE.NFO,02/01/2024,10:59:07,0.15,0.15,145200,0.2,224280,1800,680680
FINNIFTY02JAN2420000PE.NFO,02/01/2024,10:59:17,0.2,0.15,103800,0.2,224240,40,680680
FINNIFTY02JAN2420000PE.NFO,02/01/2024,10:59:37,0.2,0.15,103000,0.2,224240,0,680680
FINNIFTY02JAN2420000PE.NFO,02/01/2024,10:59:47,0.2,0.15,103000,0.2,206240,0,680680
FINNIFTY02JAN2420000PE.NFO,02/01/2024,11:01:04,0.2,0.15,103000,0.2,204000,2240,680040
FINNIFTY02JAN2420000PE.NFO,02/01/2024,11:01:52,0.15,0.15,101560,0.2,204000,1440,680040
FINNIFTY02JAN2420000PE.NFO,02/01/2024,11:02:02,0.15,0.15,83560,0.2,204000,18000,680040
FINNIFTY02JAN2420000PE.NFO,02/01/2024,11:02:11,0.1,0.1,841560,0.15,25400,62360,680040
FINNIFTY02JAN2420000PE.NFO,02/01/2024,11:02:11,0.1,0.1,841560,0.15,25400,0,680040
FINNIFTY02JAN2420000PE.NFO,02/01/2024,11:02:21,0.15,0.1,876000,0.15,66640,120,680040
FINNIFTY02JAN2420000PE.NFO,02/01/2024,11:02:31,0.15,0.1,908400,0.15,144640,0,680040
FINNIFTY02JAN2420000PE.NFO,02/01/2024,11:02:40,0.1,0.1,908360,0.15,173800,40,680040
FINNIFTY02JAN2420000PE.NFO,02/01/2024,11:02:49,0.1,0.1,944360,0.15,167360,0,680040
FINNIFTY02JAN2420000PE.NFO,02/01/2024,11:02:58,0.1,0.1,962360,0.15,167360,0,680040
FINNIFTY02JAN2420000PE.NFO,02/01/2024,11:03:08,0.1,0.1,965960,0.15,167360,0,680040
FINNIFTY02JAN2420000PE.NFO,02/01/2024,11:03:17,0.15,0.1,965960,0.15,167720,440,677600
FINNIFTY02JAN2420000PE.NFO,02/01/2024,11:03:45,0.15,0.1,965960,0.15,166800,920,677600
FINNIFTY02JAN2420000PE.NFO,02/01/2024,11:03:54,0.15,0.1,965960,0.15,164440,2360,677600
FINNIFTY02JAN2420000PE.NFO,02/01/2024,11:04:03,0.15,0.1,971360,0.15,154600,15240,677600
FINNIFTY02JAN2420000PE.NFO,02/01/2024,11:04:12,0.15,0.1,971360,0.15,150680,3920,677600
FINNIFTY02JAN2420000PE.NFO,02/01/2024,11:04:31,0.15,0.1,971360,0.15,150640,40,677600
FINNIFTY02JAN2420000PE.NFO,02/01/2024,11:04:41,0.15,0.1,971400,0.15,135640,23440,677600
FINNIFTY02JAN2420000PE.NFO,02/01/2024,11:04:50,0.15,0.1,971400,0.15,126640,12600,677600
FINNIFTY02JAN2420000PE.NFO,02/01/2024,11:04:59,0.15,0.1,971400,0.15,127040,0,677600
FINNIFTY02JAN2420000PE.NFO,02/01/2024,11:05:08,0.15,0.1,972600,0.15,127040,0,677600
FINNIFTY02JAN2420000PE.NFO,02/01/2024,11:05:17,0.15,0.1,973400,0.15,127040,0,677600
FINNIFTY02JAN2420000PE.NFO,02/01/2024,11:05:36,0.15,0.1,957560,0.15,103320,2120,677600
FINNIFTY02JAN2420000PE.NFO,02/01/2024,11:05:46,0.15,0.1,957560,0.15,94680,8640,677600
FINNIFTY02JAN2420000PE.NFO,02/01/2024,11:05:55,0.15,0.1,957560,0.15,94680,0,677600
FINNIFTY02JAN2420000PE.NFO,02/01/2024,11:06:05,0.15,0.1,964200,0.15,19280,73640,675600
FINNIFTY02JAN2420000PE.NFO,02/01/2024,11:06:14,0.2,0.15,57560,0.2,145800,16680,675600
FINNIFTY02JAN2420000PE.NFO,02/01/2024,11:06:23,0.2,0.15,59360,0.2,187400,0,675600
FINNIFTY02JAN2420000PE.NFO,02/01/2024,11:06:33,0.2,0.15,66560,0.2,187400,0,675600
FINNIFTY02JAN2420000PE.NFO,02/01/2024,11:06:43,0.2,0.15,66560,0.2,187360,40,675600
FINNIFTY02JAN2420000PE.NFO,02/01/2024,11:07:02,0.15,0.15,65120,0.2,187360,1440,675600
FINNIFTY02JAN2420000PE.NFO,02/01/2024,11:07:11,0.2,0.15,72040,0.2,174920,320,675600
FINNIFTY02JAN2420000PE.NFO,02/01/2024,11:07:21,0.2,0.15,72040,0.2,174920,0,675600
FINNIFTY02JAN2420000PE.NFO,02/01/2024,11:07:30,0.2,0.15,72040,0.2,175720,0,675600
FINNIFTY02JAN2420000PE.NFO,02/01/2024,11:07:39,0.15,0.15,71240,0.2,174920,800,675600
FINNIFTY02JAN2420000PE.NFO,02/01/2024,11:08:07,0.2,0.15,71240,0.2,161960,12960,675600
FINNIFTY02JAN2420000PE.NFO,02/01/2024,11:08:16,0.2,0.15,101480,0.2,147840,15920,675600
FINNIFTY02JAN2420000PE.NFO,02/01/2024,11:08:25,0.2,0.15,142880,0.2,147840,0,675600
FINNIFTY02JAN2420000PE.NFO,02/01/2024,11:09:12,0.2,0.15,142880,0.2,148440,40,633560
FINNIFTY02JAN2420000PE.NFO,02/01/2024,11:09:49,0.2,0.15,142880,0.2,140400,200,633560
FINNIFTY02JAN2420000PE.NFO,02/01/2024,11:09:58,0.2,0.15,133600,0.2,147640,0,633560
FINNIFTY02JAN2420000PE.NFO,02/01/2024,11:10:08,0.2,0.15,137240,0.2,147640,0,633560
FINNIFTY02JAN2420000PE.NFO,02/01/2024,11:10:17,0.2,0.15,130040,0.2,147640,0,633560
FINNIFTY02JAN2420000PE.NFO,02/01/2024,11:10:26,0.2,0.15,133640,0.2,147240,400,633560
FINNIFTY02JAN2420000PE.NFO,02/01/2024,11:10:35,0.2,0.15,145440,0.2,146760,680,633560
FINNIFTY02JAN2420000PE.NFO,02/01/2024,11:10:53,0.15,0.15,133440,0.2,139520,1200,633560
FINNIFTY02JAN2420000PE.NFO,02/01/2024,11:11:03,0.15,0.15,144040,0.2,141000,200,633560
FINNIFTY02JAN2420000PE.NFO,02/01/2024,11:11:12,0.15,0.15,115240,0.2,148160,0,633560
FINNIFTY02JAN2420000PE.NFO,02/01/2024,11:11:21,0.2,0.15,75640,0.2,148160,40,633560
FINNIFTY02JAN2420000PE.NFO,02/01/2024,11:11:30,0.2,0.15,79240,0.2,148080,80,633560
FINNIFTY02JAN2420000PE.NFO,02/01/2024,11:12:07,0.2,0.15,75640,0.2,148080,0,633560
FINNIFTY02JAN2420000PE.NFO,02/01/2024,11:12:25,0.2,0.15,133240,0.2,140840,40,633520
FINNIFTY02JAN2420000PE.NFO,02/01/2024,11:12:34,0.2,0.15,135240,0.2,140720,80,633520
FINNIFTY02JAN2420000PE.NFO,02/01/2024,11:12:43,0.15,0.15,135040,0.2,147920,200,633520
FINNIFTY02JAN2420000PE.NFO,02/01/2024,11:12:52,0.2,0.15,135040,0.2,147760,200,633520
FINNIFTY02JAN2420000PE.NFO,02/01/2024,11:13:01,0.2,0.15,135840,0.2,147760,0,633520
FINNIFTY02JAN2420000PE.NFO,02/01/2024,11:13:11,0.2,0.15,136240,0.2,147480,240,633520
FINNIFTY02JAN2420000PE.NFO,02/01/2024,11:13:20,0.2,0.15,172240,0.2,147280,240,633520
FINNIFTY02JAN2420000PE.NFO,02/01/2024,11:13:30,0.2,0.15,161440,0.2,140040,0,633520
FINNIFTY02JAN2420000PE.NFO,02/01/2024,11:13:41,0.2,0.15,239440,0.2,140040,0,633520
FINNIFTY02JAN2420000PE.NFO,02/01/2024,11:13:51,0.2,0.15,239440,0.2,139800,280,633520
FINNIFTY02JAN2420000PE.NFO,02/01/2024,11:14:00,0.2,0.15,239440,0.2,139800,0,633520
FINNIFTY02JAN2420000PE.NFO,02/01/2024,11:14:10,0.2,0.15,241840,0.2,146960,40,633520
FINNIFTY02JAN2420000PE.NFO,02/01/2024,11:14:19,0.2,0.15,241880,0.2,146760,200,633520
FINNIFTY02JAN2420000PE.NFO,02/01/2024,11:14:29,0.15,0.15,241680,0.2,146760,200,633520
FINNIFTY02JAN2420000PE.NFO,02/01/2024,11:14:57,0.15,0.15,241720,0.2,158760,0,633520
FINNIFTY02JAN2420000PE.NFO,02/01/2024,11:15:07,0.15,0.15,227320,0.2,161160,0,633520
FINNIFTY02JAN2420000PE.NFO,02/01/2024,11:15:17,0.2,0.15,230920,0.2,153440,520,632640
FINNIFTY02JAN2420000PE.NFO,02/01/2024,11:15:27,0.2,0.15,238120,0.2,160200,440,632640
FINNIFTY02JAN2420000PE.NFO,02/01/2024,11:15:37,0.2,0.15,241640,0.2,158640,1720,632640
FINNIFTY02JAN2420000PE.NFO,02/01/2024,11:15:48,0.2,0.2,33360,0.25,109680,164400,632640
FINNIFTY02JAN2420000PE.NFO,02/01/2024,11:15:58,0.25,0.2,130360,0.25,242840,1520,632640
FINNIFTY02JAN2420000PE.NFO,02/01/2024,11:16:08,0.25,0.2,126760,0.25,242840,0,632640
FINNIFTY02JAN2420000PE.NFO,02/01/2024,11:16:18,0.25,0.2,126760,0.25,260800,40,632640
FINNIFTY02JAN2420000PE.NFO,02/01/2024,11:16:27,0.25,0.2,126760,0.25,264400,0,632640
FINNIFTY02JAN2420000PE.NFO,02/01/2024,11:16:37,0.25,0.2,105160,0.25,264280,320,632640
FINNIFTY02JAN2420000PE.NFO,02/01/2024,11:16:46,0.25,0.2,83560,0.25,273920,31200,632640
FINNIFTY02JAN2420000PE.NFO,02/01/2024,11:16:56,0.2,0.2,68960,0.25,273880,23400,632640
FINNIFTY02JAN2420000PE.NFO,02/01/2024,11:17:15,0.25,0.2,68960,0.25,272280,1600,632640
FINNIFTY02JAN2420000PE.NFO,02/01/2024,11:17:24,0.2,0.2,58160,0.25,272240,10840,632640
FINNIFTY02JAN2420000PE.NFO,02/01/2024,11:17:34,0.2,0.2,59160,0.25,272240,0,632640
FINNIFTY02JAN2420000PE.NFO,02/01/2024,11:17:43,0.25,0.2,59160,0.25,270640,1600,632640
FINNIFTY02JAN2420000PE.NFO,02/01/2024,11:17:53,0.25,0.2,58160,0.25,270640,0,632640
FINNIFTY02JAN2420000PE.NFO,02/01/2024,11:18:11,0.25,0.2,56560,0.25,270520,120,611200
FINNIFTY02JAN2420000PE.NFO,02/01/2024,11:18:30,0.2,0.2,56320,0.25,270520,240,611200
FINNIFTY02JAN2420000PE.NFO,02/01/2024,11:18:39,0.2,0.2,61280,0.25,270520,440,611200
FINNIFTY02JAN2420000PE.NFO,02/01/2024,11:18:49,0.2,0.2,55760,0.25,270520,120,611200
FINNIFTY02JAN2420000PE.NFO,02/01/2024,11:19:07,0.2,0.2,51200,0.25,270520,4560,611200
FINNIFTY02JAN2420000PE.NFO,02/01/2024,11:19:16,0.2,0.2,53000,0.25,270520,0,611200
FINNIFTY02JAN2420000PE.NFO,02/01/2024,11:19:24,0.25,0.2,69200,0.25,268680,1840,611200
FINNIFTY02JAN2420000PE.NFO,02/01/2024,11:19:34,0.25,0.2,54800,0.25,268680,0,611200
FINNIFTY02JAN2420000PE.NFO,02/01/2024,11:19:43,0.25,0.2,51200,0.25,244640,2440,611200
FINNIFTY02JAN2420000PE.NFO,02/01/2024,11:19:52,0.2,0.2,48760,0.25,244640,2440,611200
FINNIFTY02JAN2420000PE.NFO,02/01/2024,11:20:01,0.2,0.2,42640,0.25,244640,6120,611200
FINNIFTY02JAN2420000PE.NFO,02/01/2024,11:20:10,0.25,0.2,41160,0.25,241720,4400,611200
FINNIFTY02JAN2420000PE.NFO,02/01/2024,11:20:19,0.25,0.2,41160,0.25,248920,0,611200
FINNIFTY02JAN2420000PE.NFO,02/01/2024,11:20:28,0.25,0.2,41160,0.25,247520,1400,611200
FINNIFTY02JAN2420000PE.NFO,02/01/2024,11:20:37,0.2,0.2,40600,0.25,239840,1040,611200
FINNIFTY02JAN2420000PE.NFO,02/01/2024,11:20:46,0.2,0.2,37040,0.25,239840,3560,611200
FINNIFTY02JAN2420000PE.NFO,02/01/2024,11:20:56,0.2,0.2,37920,0.25,239840,280,612880
FINNIFTY02JAN2420000PE.NFO,02/01/2024,11:21:05,0.2,0.2,38080,0.25,239040,1000,612880
FINNIFTY02JAN2420000PE.NFO,02/01/2024,11:21:15,0.25,0.2,43480,0.25,239000,40,612880
FINNIFTY02JAN2420000PE.NFO,02/01/2024,11:21:24,0.25,0.2,41680,0.25,238960,40,612880
FINNIFTY02JAN2420000PE.NFO,02/01/2024,11:21:34,0.25,0.2,38080,0.25,238960,0,612880
FINNIFTY02JAN2420000PE.NFO,02/01/2024,11:21:52,0.2,0.2,37680,0.25,238960,400,612880
FINNIFTY02JAN2420000PE.NFO,02/01/2024,11:22:01,0.25,0.2,36680,0.25,234960,4000,612880
FINNIFTY02JAN2420000PE.NFO,02/01/2024,11:22:11,0.25,0.2,43880,0.25,234960,0,612880
FINNIFTY02JAN2420000PE.NFO,02/01/2024,11:22:21,0.25,0.2,38480,0.25,234520,440,612880
FINNIFTY02JAN2420000PE.NFO,02/01/2024,11:22:30,0.2,0.2,35000,0.25,234360,1680,612880
FINNIFTY02JAN2420000PE.NFO,02/01/2024,11:22:50,0.2,0.2,33000,0.25,234360,2000,612880
FINNIFTY02JAN2420000PE.NFO,02/01/2024,11:22:59,0.2,0.2,32760,0.25,234360,240,612880
FINNIFTY02JAN2420000PE.NFO,02/01/2024,11:23:09,0.25,0.2,29760,0.25,234080,3280,612880
FINNIFTY02JAN2420000PE.NFO,02/01/2024,11:23:18,0.25,0.2,29760,0.25,239240,3040,612880
FINNIFTY02JAN2420000PE.NFO,02/01/2024,11:23:27,0.25,0.2,28160,0.25,235600,9640,612880
FINNIFTY02JAN2420000PE.NFO,02/01/2024,11:23:45,0.25,0.2,33560,0.25,235600,0,612880
FINNIFTY02JAN2420000PE.NFO,02/01/2024,11:23:54,0.25,0.2,28160,0.25,235600,0,612880
FINNIFTY02JAN2420000PE.NFO,02/01/2024,11:24:03,0.25,0.2,28160,0.25,234120,0,612880
FINNIFTY02JAN2420000PE.NFO,02/01/2024,11:24:13,0.2,0.2,27840,0.25,234120,320,609440
FINNIFTY02JAN2420000PE.NFO,02/01/2024,11:24:22,0.2,0.2,27600,0.25,234800,320,609440
FINNIFTY02JAN2420000PE.NFO,02/01/2024,11:24:40,0.2,0.2,27120,0.25,234800,480,609440
FINNIFTY02JAN2420000PE.NFO,02/01/2024,11:24:49,0.2,0.2,23040,0.25,234800,4080,609440
FINNIFTY02JAN2420000PE.NFO,02/01/2024,11:24:58,0.25,0.2,23040,0.25,234520,280,609440
FINNIFTY02JAN2420000PE.NFO,02/01/2024,11:25:16,0.2,0.2,22840,0.25,234520,200,609440
FINNIFTY02JAN2420000PE.NFO,02/01/2024,11:25:26,0.25,0.2,22400,0.25,234320,640,609440
FINNIFTY02JAN2420000PE.NFO,02/01/2024,11:25:36,0.2,0.15,283400,0.2,218000,17520,609440
FINNIFTY02JAN2420000PE.NFO,02/01/2024,11:25:45,0.2,0.15,290600,0.2,215520,2480,609440
FINNIFTY02JAN2420000PE.NFO,02/01/2024,11:25:54,0.15,0.15,290480,0.2,219120,120,609440
FINNIFTY02JAN2420000PE.NFO,02/01/2024,11:26:03,0.2,0.15,294080,0.2,219000,480,609440
FINNIFTY02JAN2420000PE.NFO,02/01/2024,11:26:13,0.2,0.15,294080,0.2,217880,1120,609440
FINNIFTY02JAN2420000PE.NFO,02/01/2024,11:26:22,0.2,0.15,294080,0.2,218640,0,609440
FINNIFTY02JAN2420000PE.NFO,02/01/2024,11:27:36,0.15,0.15,293440,0.2,218640,640,606560
FINNIFTY02JAN2420000PE.NFO,02/01/2024,11:28:04,0.15,0.15,289840,0.2,219280,0,606560
FINNIFTY02JAN2420000PE.NFO,02/01/2024,11:28:40,0.2,0.15,289840,0.2,151960,72160,606560
FINNIFTY02JAN2420000PE.NFO,02/01/2024,11:28:49,0.2,0.15,289800,0.2,151960,0,606560
FINNIFTY02JAN2420000PE.NFO,02/01/2024,11:28:58,0.2,0.15,289800,0.2,152000,0,606560
FINNIFTY02JAN2420000PE.NFO,02/01/2024,11:29:16,0.2,0.15,289800,0.2,151880,120,606560
FINNIFTY02JAN2420000PE.NFO,02/01/2024,11:29:35,0.2,0.15,289800,0.2,150880,1000,606560
FINNIFTY02JAN2420000PE.NFO,02/01/2024,11:29:44,0.2,0.15,289800,0.2,149880,1000,606560
FINNIFTY02JAN2420000PE.NFO,02/01/2024,11:29:53,0.2,0.15,288360,0.2,148880,1000,606560
FINNIFTY02JAN2420000PE.NFO,02/01/2024,11:30:02,0.2,0.15,281160,0.2,148880,0,606560
FINNIFTY02JAN2420000PE.NFO,02/01/2024,11:31:05,0.2,0.15,281080,0.2,148200,760,535680
FINNIFTY02JAN2420000PE.NFO,02/01/2024,11:31:59,0.2,0.15,281040,0.2,148160,40,535680
FINNIFTY02JAN2420000PE.NFO,02/01/2024,11:32:18,0.2,0.15,281040,0.2,148160,0,535680
FINNIFTY02JAN2420000PE.NFO,02/01/2024,11:32:27,0.2,0.15,281040,0.2,148080,80,535680
FINNIFTY02JAN2420000PE.NFO,02/01/2024,11:32:45,0.15,0.15,278560,0.2,148080,2480,535680
FINNIFTY02JAN2420000PE.NFO,02/01/2024,11:32:54,0.15,0.15,277840,0.2,149840,720,535680
FINNIFTY02JAN2420000PE.NFO,02/01/2024,11:33:03,0.15,0.15,277840,0.2,151280,0,535680
FINNIFTY02JAN2420000PE.NFO,02/01/2024,11:33:20,0.2,0.15,277840,0.2,151240,40,535680
FINNIFTY02JAN2420000PE.NFO,02/01/2024,11:33:29,0.2,0.15,277840,0.2,148640,2800,535680
FINNIFTY02JAN2420000PE.NFO,02/01/2024,11:33:38,0.2,0.15,277840,0.2,148240,400,535680
FINNIFTY02JAN2420000PE.NFO,02/01/2024,11:34:14,0.2,0.15,277600,0.2,148120,360,535680
FINNIFTY02JAN2420000PE.NFO,02/01/2024,11:34:22,0.15,0.15,276960,0.2,148080,680,535680
FINNIFTY02JAN2420000PE.NFO,02/01/2024,11:34:32,0.15,0.15,276200,0.2,149520,760,535680
FINNIFTY02JAN2420000PE.NFO,02/01/2024,11:34:41,0.15,0.15,277080,0.2,149520,520,535680
FINNIFTY02JAN2420000PE.NFO,02/01/2024,11:34:50,0.15,0.15,277080,0.2,150960,0,535680
FINNIFTY02JAN2420000PE.NFO,02/01/2024,11:34:59,0.15,0.15,275680,0.2,150960,0,535680
FINNIFTY02JAN2420000PE.NFO,02/01/2024,11:35:17,0.15,0.15,276880,0.2,150960,0,535680
FINNIFTY02JAN2420000PE.NFO,02/01/2024,11:35:26,0.2,0.15,276560,0.2,150640,640,535680
FINNIFTY02JAN2420000PE.NFO,02/01/2024,11:35:36,0.2,0.15,276560,0.2,150160,480,535680
FINNIFTY02JAN2420000PE.NFO,02/01/2024,11:35:45,0.15,0.15,272680,0.2,150040,400,535680
FINNIFTY02JAN2420000PE.NFO,02/01/2024,11:35:53,0.2,0.15,271480,0.2,150000,40,535680
FINNIFTY02JAN2420000PE.NFO,02/01/2024,11:36:02,0.2,0.15,271080,0.2,126960,23040,538440
FINNIFTY02JAN2420000PE.NFO,02/01/2024,11:36:11,0.2,0.15,270480,0.2,126960,0,538440
FINNIFTY02JAN2420000PE.NFO,02/01/2024,11:36:21,0.15,0.15,270080,0.2,126840,520,538440
FINNIFTY02JAN2420000PE.NFO,02/01/2024,11:36:30,0.2,0.15,267720,0.2,125760,3440,538440
FINNIFTY02JAN2420000PE.NFO,02/01/2024,11:36:39,0.2,0.15,267720,0.2,128640,0,538440
FINNIFTY02JAN2420000PE.NFO,02/01/2024,11:36:59,0.2,0.15,267720,0.2,128440,200,538440
FINNIFTY02JAN2420000PE.NFO,02/01/2024,11:37:17,0.2,0.15,267720,0.2,126600,1840,538440
FINNIFTY02JAN2420000PE.NFO,02/01/2024,11:37:26,0.2,0.15,267720,0.2,126560,40,538440
FINNIFTY02JAN2420000PE.NFO,02/01/2024,11:37:55,0.2,0.15,266320,0.2,126560,0,538440
FINNIFTY02JAN2420000PE.NFO,02/01/2024,11:38:04,0.2,0.15,266320,0.2,126480,80,538440
FINNIFTY02JAN2420000PE.NFO,02/01/2024,11:38:24,0.2,0.15,266320,0.2,126400,80,538440
FINNIFTY02JAN2420000PE.NFO,02/01/2024,11:38:52,0.2,0.15,266320,0.2,126320,80,539400
FINNIFTY02JAN2420000PE.NFO,02/01/2024,11:39:11,0.2,0.15,266320,0.2,124520,1800,539400
FINNIFTY02JAN2420000PE.NFO,02/01/2024,11:39:21,0.2,0.15,266320,0.2,123640,880,539400
FINNIFTY02JAN2420000PE.NFO,02/01/2024,11:40:33,0.2,0.15,265400,0.2,123440,1120,539400
FINNIFTY02JAN2420000PE.NFO,02/01/2024,11:40:42,0.2,0.15,265400,0.2,122960,480,539400
FINNIFTY02JAN2420000PE.NFO,02/01/2024,11:41:09,0.2,0.15,265400,0.2,122720,240,539400
FINNIFTY02JAN2420000PE.NFO,02/01/2024,11:41:19,0.2,0.15,265400,0.2,122480,240,539400
FINNIFTY02JAN2420000PE.NFO,02/01/2024,11:41:29,0.15,0.15,264680,0.2,122480,720,539400
FINNIFTY02JAN2420000PE.NFO,02/01/2024,11:41:39,0.15,0.15,264280,0.2,124520,400,539400
FINNIFTY02JAN2420000PE.NFO,02/01/2024,11:41:49,0.15,0.15,263360,0.2,123920,920,538200
FINNIFTY02JAN2420000PE.NFO,02/01/2024,11:41:59,0.15,0.15,254160,0.2,128320,9480,538200
FINNIFTY02JAN2420000PE.NFO,02/01/2024,11:42:09,0.15,0.15,254160,0.2,134080,0,538200
FINNIFTY02JAN2420000PE.NFO,02/01/2024,11:42:28,0.2,0.15,254160,0.2,132480,1600,538200
FINNIFTY02JAN2420000PE.NFO,02/01/2024,11:42:38,0.15,0.15,251200,0.2,129720,5480,538200
FINNIFTY02JAN2420000PE.NFO,02/01/2024,11:42:47,0.15,0.15,251160,0.2,132600,40,538200
FINNIFTY02JAN2420000PE.NFO,02/01/2024,11:43:06,0.2,0.15,251160,0.2,126640,880,538200
FINNIFTY02JAN2420000PE.NFO,02/01/2024,11:43:15,0.2,0.15,251160,0.2,127200,40,538200
FINNIFTY02JAN2420000PE.NFO,02/01/2024,11:43:24,0.2,0.15,251160,0.2,128160,0,538200
FINNIFTY02JAN2420000PE.NFO,02/01/2024,11:43:34,0.2,0.15,251160,0.2,127880,280,538200
FINNIFTY02JAN2420000PE.NFO,02/01/2024,11:43:43,0.2,0.15,251160,0.2,125760,2120,538200
FINNIFTY02JAN2420000PE.NFO,02/01/2024,11:43:53,0.2,0.15,251160,0.2,118800,4520,538200
FINNIFTY02JAN2420000PE.NFO,02/01/2024,11:44:03,0.2,0.15,251160,0.2,116680,2720,538200
FINNIFTY02JAN2420000PE.NFO,02/01/2024,11:44:40,0.2,0.15,251800,0.2,113600,2480,538200
FINNIFTY02JAN2420000PE.NFO,02/01/2024,11:45:07,0.2,0.15,251800,0.2,117240,0,538200
FINNIFTY02JAN2420000PE.NFO,02/01/2024,11:45:35,0.2,0.15,251800,0.2,116560,680,528280
FINNIFTY02JAN2420000PE.NFO,02/01/2024,11:45:45,0.15,0.15,248960,0.2,118360,2840,528280
FINNIFTY02JAN2420000PE.NFO,02/01/2024,11:45:54,0.15,0.15,243760,0.2,124600,5200,528280
FINNIFTY02JAN2420000PE.NFO,02/01/2024,11:46:03,0.15,0.15,241160,0.2,126400,2600,528280
FINNIFTY02JAN2420000PE.NFO,02/01/2024,11:46:13,0.2,0.15,239800,0.2,128760,1440,528280
FINNIFTY02JAN2420000PE.NFO,02/01/2024,11:46:22,0.15,0.15,238760,0.2,129960,1040,528280
FINNIFTY02JAN2420000PE.NFO,02/01/2024,11:46:32,0.15,0.15,238560,0.2,129960,200,528280
FINNIFTY02JAN2420000PE.NFO,02/01/2024,11:46:41,0.15,0.15,238160,0.2,129960,400,528280
FINNIFTY02JAN2420000PE.NFO,02/01/2024,11:46:50,0.15,0.15,237720,0.2,129960,440,528280
FINNIFTY02JAN2420000PE.NFO,02/01/2024,11:47:00,0.15,0.15,237680,0.2,129960,0,528280
FINNIFTY02JAN2420000PE.NFO,02/01/2024,11:47:25,0.2,0.15,237680,0.2,129200,40,528280
FINNIFTY02JAN2420000PE.NFO,02/01/2024,11:47:59,0.15,0.15,237400,0.2,129200,280,541000
FINNIFTY02JAN2420000PE.NFO,02/01/2024,11:48:08,0.15,0.15,236880,0.2,131000,520,541000
FINNIFTY02JAN2420000PE.NFO,02/01/2024,11:48:34,0.2,0.15,217040,0.2,130960,80,541000
FINNIFTY02JAN2420000PE.NFO,02/01/2024,11:49:27,0.15,0.15,216160,0.2,130960,920,541000
FINNIFTY02JAN2420000PE.NFO,02/01/2024,11:49:44,0.15,0.15,215280,0.2,130960,880,541000
FINNIFTY02JAN2420000PE.NFO,02/01/2024,11:49:53,0.15,0.15,214680,0.2,132760,600,541000
FINNIFTY02JAN2420000PE.NFO,02/01/2024,11:50:02,0.15,0.15,214240,0.2,132720,440,541000
FINNIFTY02JAN2420000PE.NFO,02/01/2024,11:50:11,0.15,0.15,213760,0.2,132720,480,541000
FINNIFTY02JAN2420000PE.NFO,02/01/2024,11:50:21,0.2,0.15,213120,0.2,132040,2480,541000
FINNIFTY02JAN2420000PE.NFO,02/01/2024,11:50:29,0.2,0.15,177120,0.2,131360,680,541000
FINNIFTY02JAN2420000PE.NFO,02/01/2024,11:50:38,0.2,0.15,159120,0.2,131240,120,541000
FINNIFTY02JAN2420000PE.NFO,02/01/2024,11:50:47,0.2,0.15,158560,0.2,131240,0,541000
FINNIFTY02JAN2420000PE.NFO,02/01/2024,11:50:56,0.2,0.15,142360,0.2,149240,0,541000
FINNIFTY02JAN2420000PE.NFO,02/01/2024,11:51:14,0.2,0.15,141800,0.2,149800,600,538800
FINNIFTY02JAN2420000PE.NFO,02/01/2024,11:51:23,0.2,0.15,141800,0.2,148360,840,538800
FINNIFTY02JAN2420000PE.NFO,02/01/2024,11:51:41,0.2,0.15,141160,0.2,148360,0,538800
FINNIFTY02JAN2420000PE.NFO,02/01/2024,11:52:08,0.15,0.15,140840,0.2,148360,320,538800
FINNIFTY02JAN2420000PE.NFO,02/01/2024,11:52:18,0.15,0.15,141160,0.2,148320,360,538800
FINNIFTY02JAN2420000PE.NFO,02/01/2024,11:52:36,0.15,0.15,140320,0.2,148320,840,538800
FINNIFTY02JAN2420000PE.NFO,02/01/2024,11:52:54,0.15,0.15,139680,0.2,148320,0,538800
FINNIFTY02JAN2420000PE.NFO,02/01/2024,11:53:21,0.2,0.15,139680,0.2,150080,40,538800
FINNIFTY02JAN2420000PE.NFO,02/01/2024,11:53:56,0.2,0.15,147680,0.2,150080,0,538800
FINNIFTY02JAN2420000PE.NFO,02/01/2024,11:54:50,0.2,0.15,147680,0.2,150040,40,540840
FINNIFTY02JAN2420000PE.NFO,02/01/2024,11:54:58,0.2,0.15,147680,0.2,150040,0,540840
FINNIFTY02JAN2420000PE.NFO,02/01/2024,11:55:07,0.2,0.15,147680,0.2,150080,0,540840
FINNIFTY02JAN2420000PE.NFO,02/01/2024,11:55:25,0.2,0.15,147680,0.2,149960,200,540840
FINNIFTY02JAN2420000PE.NFO,02/01/2024,11:55:34,0.2,0.15,147680,0.2,149480,480,540840
FINNIFTY02JAN2420000PE.NFO,02/01/2024,11:55:43,0.2,0.15,147680,0.2,149480,0,540840
FINNIFTY02JAN2420000PE.NFO,02/01/2024,11:56:01,0.15,0.15,146920,0.2,149480,760,540840
FINNIFTY02JAN2420000PE.NFO,02/01/2024,11:56:09,0.15,0.15,146920,0.2,149480,0,540840
FINNIFTY02JAN2420000PE.NFO,02/01/2024,11:56:18,0.2,0.15,146920,0.2,149440,40,540840
FINNIFTY02JAN2420000PE.NFO,02/01/2024,11:57:18,0.2,0.15,146920,0.2,150040,40,541600
FINNIFTY02JAN2420000PE.NFO,02/01/2024,11:58:10,0.2,0.15,146920,0.2,149400,40,541600
FINNIFTY02JAN2420000PE.NFO,02/01/2024,11:58:19,0.2,0.15,146920,0.2,149400,0,541600
FINNIFTY02JAN2420000PE.NFO,02/01/2024,11:59:20,0.2,0.15,146920,0.2,149360,40,541600
FINNIFTY02JAN2420000PE.NFO,02/01/2024,12:00:39,0.2,0.15,146440,0.2,148680,1160,541600
FINNIFTY02JAN2420000PE.NFO,02/01/2024,12:00:48,0.2,0.15,146120,0.2,148600,400,541600
FINNIFTY02JAN2420000PE.NFO,02/01/2024,12:00:57,0.15,0.15,145880,0.2,150400,240,541600
FINNIFTY02JAN2420000PE.NFO,02/01/2024,12:01:06,0.15,0.15,145600,0.2,150400,280,541600
FINNIFTY02JAN2420000PE.NFO,02/01/2024,12:01:33,0.2,0.15,145600,0.2,150920,80,541600
FINNIFTY02JAN2420000PE.NFO,02/01/2024,12:01:42,0.2,0.15,145600,0.2,150160,160,541600
FINNIFTY02JAN2420000PE.NFO,02/01/2024,12:01:51,0.2,0.15,145600,0.2,150120,40,541600
FINNIFTY02JAN2420000PE.NFO,02/01/2024,12:02:00,0.2,0.15,145600,0.2,150000,120,541600
FINNIFTY02JAN2420000PE.NFO,02/01/2024,12:02:09,0.15,0.15,145120,0.2,150000,480,541600
FINNIFTY02JAN2420000PE.NFO,02/01/2024,12:02:18,0.2,0.15,145120,0.2,149760,240,541600
FINNIFTY02JAN2420000PE.NFO,02/01/2024,12:02:44,0.2,0.15,145120,0.2,149760,0,541600
FINNIFTY02JAN2420000PE.NFO,02/01/2024,12:02:53,0.2,0.15,145120,0.2,149720,40,541600
FINNIFTY02JAN2420000PE.NFO,02/01/2024,12:03:01,0.2,0.15,145120,0.2,149680,40,543400
FINNIFTY02JAN2420000PE.NFO,02/01/2024,12:03:10,0.2,0.15,145120,0.2,148520,1160,543400
FINNIFTY02JAN2420000PE.NFO,02/01/2024,12:03:19,0.2,0.15,144560,0.2,148440,640,543400
FINNIFTY02JAN2420000PE.NFO,02/01/2024,12:03:28,0.2,0.15,144560,0.2,148400,40,543400
FINNIFTY02JAN2420000PE.NFO,02/01/2024,12:03:37,0.2,0.15,144560,0.2,148360,40,543400
FINNIFTY02JAN2420000PE.NFO,02/01/2024,12:03:46,0.2,0.15,144560,0.2,148360,0,543400
FINNIFTY02JAN2420000PE.NFO,02/01/2024,12:03:55,0.2,0.15,144560,0.2,160960,0,543400
FINNIFTY02JAN2420000PE.NFO,02/01/2024,12:04:03,0.2,0.15,144560,0.2,182520,40,543400
FINNIFTY02JAN2420000PE.NFO,02/01/2024,12:04:12,0.2,0.15,144560,0.2,182680,40,543400
FINNIFTY02JAN2420000PE.NFO,02/01/2024,12:04:22,0.2,0.15,144560,0.2,182520,0,543400
FINNIFTY02JAN2420000PE.NFO,02/01/2024,12:04:31,0.2,0.15,144560,0.2,182480,200,543400
FINNIFTY02JAN2420000PE.NFO,02/01/2024,12:04:40,0.2,0.15,144560,0.2,182200,280,543400
FINNIFTY02JAN2420000PE.NFO,02/01/2024,12:04:49,0.2,0.15,144560,0.2,182000,200,543400
FINNIFTY02JAN2420000PE.NFO,02/01/2024,12:04:58,0.2,0.15,144560,0.2,181920,80,543400
FINNIFTY02JAN2420000PE.NFO,02/01/2024,12:05:07,0.2,0.15,143720,0.2,181800,120,543400
FINNIFTY02JAN2420000PE.NFO,02/01/2024,12:05:16,0.2,0.15,143720,0.2,181800,0,543400
FINNIFTY02JAN2420000PE.NFO,02/01/2024,12:05:25,0.2,0.15,143600,0.2,181440,480,543400
FINNIFTY02JAN2420000PE.NFO,02/01/2024,12:05:34,0.2,0.15,143600,0.2,180800,640,543400
FINNIFTY02JAN2420000PE.NFO,02/01/2024,12:05:43,0.2,0.15,143600,0.2,180440,360,543400
FINNIFTY02JAN2420000PE.NFO,02/01/2024,12:06:00,0.2,0.15,143600,0.2,180280,160,543960
FINNIFTY02JAN2420000PE.NFO,02/01/2024,12:06:09,0.2,0.15,143600,0.2,180200,80,543960
FINNIFTY02JAN2420000PE.NFO,02/01/2024,12:06:18,0.15,0.15,143520,0.2,180080,200,543960
FINNIFTY02JAN2420000PE.NFO,02/01/2024,12:06:27,0.2,0.15,143520,0.2,180000,80,543960
FINNIFTY02JAN2420000PE.NFO,02/01/2024,12:06:35,0.2,0.15,143520,0.2,179840,160,543960
FINNIFTY02JAN2420000PE.NFO,02/01/2024,12:07:09,0.2,0.15,143520,0.2,179320,520,543960
FINNIFTY02JAN2420000PE.NFO,02/01/2024,12:07:18,0.15,0.15,141720,0.2,177480,1840,543960
FINNIFTY02JAN2420000PE.NFO,02/01/2024,12:07:26,0.2,0.15,143520,0.2,177920,160,543960
FINNIFTY02JAN2420000PE.NFO,02/01/2024,12:07:53,0.2,0.15,143520,0.2,177920,0,543960
FINNIFTY02JAN2420000PE.NFO,02/01/2024,12:08:02,0.2,0.15,143520,0.2,177120,0,543960
FINNIFTY02JAN2420000PE.NFO,02/01/2024,12:09:45,0.2,0.15,143520,0.2,177800,80,543960
FINNIFTY02JAN2420000PE.NFO,02/01/2024,12:10:20,0.2,0.15,143520,0.2,177800,0,543960
FINNIFTY02JAN2420000PE.NFO,02/01/2024,12:10:30,0.2,0.15,143520,0.2,177600,200,543960
FINNIFTY02JAN2420000PE.NFO,02/01/2024,12:10:39,0.2,0.15,143520,0.2,177640,560,543960
FINNIFTY02JAN2420000PE.NFO,02/01/2024,12:11:52,0.2,0.15,143480,0.2,177520,160,543960
FINNIFTY02JAN2420000PE.NFO,02/01/2024,12:15:03,0.2,0.15,143200,0.2,176720,480,543960
FINNIFTY02JAN2420000PE.NFO,02/01/2024,12:15:12,0.2,0.15,142600,0.2,176440,880,543960
FINNIFTY02JAN2420000PE.NFO,02/01/2024,12:15:20,0.2,0.15,142600,0.2,176360,80,543960
FINNIFTY02JAN2420000PE.NFO,02/01/2024,12:15:29,0.2,0.15,142600,0.2,176000,360,543960
FINNIFTY02JAN2420000PE.NFO,02/01/2024,12:15:39,0.2,0.15,142600,0.2,174960,1040,543960
FINNIFTY02JAN2420000PE.NFO,02/01/2024,12:15:49,0.2,0.15,142600,0.2,174880,80,543960
FINNIFTY02JAN2420000PE.NFO,02/01/2024,12:15:59,0.2,0.15,142600,0.2,174720,160,543960
FINNIFTY02JAN2420000PE.NFO,02/01/2024,12:16:08,0.2,0.15,142600,0.2,174600,120,543960
FINNIFTY02JAN2420000PE.NFO,02/01/2024,12:16:19,0.2,0.15,142600,0.2,174320,280,543960
FINNIFTY02JAN2420000PE.NFO,02/01/2024,12:16:29,0.2,0.15,142600,0.2,174080,240,543960
FINNIFTY02JAN2420000PE.NFO,02/01/2024,12:16:50,0.2,0.15,142600,0.2,178280,0,543960
FINNIFTY02JAN2420000PE.NFO,02/01/2024,12:17:10,0.2,0.15,142600,0.2,174560,3040,543960
FINNIFTY02JAN2420000PE.NFO,02/01/2024,12:17:22,0.2,0.15,142600,0.2,173080,1480,543960
FINNIFTY02JAN2420000PE.NFO,02/01/2024,12:17:59,0.2,0.15,142600,0.2,171760,1320,539480
FINNIFTY02JAN2420000PE.NFO,02/01/2024,12:18:19,0.2,0.15,142600,0.2,171520,240,539480
FINNIFTY02JAN2420000PE.NFO,02/01/2024,12:18:28,0.2,0.15,142600,0.2,169440,2080,539480
FINNIFTY02JAN2420000PE.NFO,02/01/2024,12:18:37,0.2,0.15,141760,0.2,173000,880,539480
FINNIFTY02JAN2420000PE.NFO,02/01/2024,12:20:52,0.2,0.15,141400,0.2,160360,5800,539480
FINNIFTY02JAN2420000PE.NFO,02/01/2024,12:21:01,0.2,0.15,141400,0.2,145960,14400,539400
FINNIFTY02JAN2420000PE.NFO,02/01/2024,12:21:11,0.2,0.15,155800,0.2,128600,17360,539400
FINNIFTY02JAN2420000PE.NFO,02/01/2024,12:21:21,0.2,0.15,159400,0.2,110400,18200,539400
FINNIFTY02JAN2420000PE.NFO,02/01/2024,12:21:31,0.15,0.15,159160,0.2,114000,240,539400
FINNIFTY02JAN2420000PE.NFO,02/01/2024,12:21:40,0.2,0.15,159160,0.2,113800,200,539400
FINNIFTY02JAN2420000PE.NFO,02/01/2024,12:22:00,0.15,0.15,158960,0.2,113440,560,539400
FINNIFTY02JAN2420000PE.NFO,02/01/2024,12:22:19,0.15,0.15,156960,0.2,113240,2200,539400
FINNIFTY02JAN2420000PE.NFO,02/01/2024,12:22:37,0.2,0.15,156960,0.2,112040,1200,539400
FINNIFTY02JAN2420000PE.NFO,02/01/2024,12:22:46,0.2,0.15,156960,0.2,111960,80,539400
FINNIFTY02JAN2420000PE.NFO,02/01/2024,12:23:12,0.2,0.15,156960,0.2,111720,240,539400
FINNIFTY02JAN2420000PE.NFO,02/01/2024,12:23:22,0.2,0.15,156960,0.2,111640,80,539400
FINNIFTY02JAN2420000PE.NFO,02/01/2024,12:23:31,0.15,0.15,156920,0.2,111640,40,539400
FINNIFTY02JAN2420000PE.NFO,02/01/2024,12:24:44,0.2,0.15,156920,0.2,111600,40,538280
FINNIFTY02JAN2420000PE.NFO,02/01/2024,12:25:02,0.15,0.15,156080,0.2,111600,840,538280
FINNIFTY02JAN2420000PE.NFO,02/01/2024,12:25:11,0.15,0.15,156080,0.2,113400,0,538280
FINNIFTY02JAN2420000PE.NFO,02/01/2024,12:25:47,0.2,0.15,156080,0.2,96520,16880,538280
FINNIFTY02JAN2420000PE.NFO,02/01/2024,12:25:56,0.2,0.15,174080,0.2,94720,1800,538280
FINNIFTY02JAN2420000PE.NFO,02/01/2024,12:26:04,0.2,0.15,192280,0.2,82120,12600,538280
FINNIFTY02JAN2420000PE.NFO,02/01/2024,12:26:14,0.2,0.15,192280,0.2,76480,5640,538280
FINNIFTY02JAN2420000PE.NFO,02/01/2024,12:26:22,0.2,0.15,192280,0.2,76320,160,538280
FINNIFTY02JAN2420000PE.NFO,02/01/2024,12:27:24,0.2,0.15,192280,0.2,76280,40,540320
FINNIFTY02JAN2420000PE.NFO,02/01/2024,12:28:08,0.2,0.15,192280,0.2,76280,40,540320
FINNIFTY02JAN2420000PE.NFO,02/01/2024,12:28:17,0.2,0.15,192240,0.2,76240,80,540320
FINNIFTY02JAN2420000PE.NFO,02/01/2024,12:30:39,0.2,0.15,192240,0.2,75800,440,540280
FINNIFTY02JAN2420000PE.NFO,02/01/2024,12:30:48,0.2,0.15,192240,0.2,75800,0,540280
FINNIFTY02JAN2420000PE.NFO,02/01/2024,12:31:33,0.2,0.15,192240,0.2,74800,1000,540280
FINNIFTY02JAN2420000PE.NFO,02/01/2024,12:31:42,0.2,0.15,192240,0.2,69760,5040,540280
FINNIFTY02JAN2420000PE.NFO,02/01/2024,12:32:17,0.2,0.15,192240,0.2,69720,40,540280
FINNIFTY02JAN2420000PE.NFO,02/01/2024,12:32:50,0.2,0.15,192240,0.2,69720,0,540280
FINNIFTY02JAN2420000PE.NFO,02/01/2024,12:33:14,0.15,0.15,190800,0.2,69720,1440,540280
FINNIFTY02JAN2420000PE.NFO,02/01/2024,12:33:23,0.2,0.15,192480,0.2,69680,160,540280
FINNIFTY02JAN2420000PE.NFO,02/01/2024,12:35:38,0.2,0.15,192480,0.2,68720,960,540280
FINNIFTY02JAN2420000PE.NFO,02/01/2024,12:35:47,0.2,0.15,192480,0.2,66920,1800,540280
FINNIFTY02JAN2420000PE.NFO,02/01/2024,12:35:56,0.2,0.15,192480,0.2,67920,0,540280
FINNIFTY02JAN2420000PE.NFO,02/01/2024,12:36:06,0.2,0.15,197880,0.2,68920,0,540280
FINNIFTY02JAN2420000PE.NFO,02/01/2024,12:36:15,0.2,0.15,201480,0.2,68920,0,540280
FINNIFTY02JAN2420000PE.NFO,02/01/2024,12:36:25,0.2,0.15,201480,0.2,68880,40,538240
FINNIFTY02JAN2420000PE.NFO,02/01/2024,12:36:44,0.2,0.15,211560,0.2,68880,0,538240
FINNIFTY02JAN2420000PE.NFO,02/01/2024,12:37:10,0.2,0.15,193560,0.2,68880,0,538240
FINNIFTY02JAN2420000PE.NFO,02/01/2024,12:37:20,0.2,0.15,193560,0.2,68840,40,538240
FINNIFTY02JAN2420000PE.NFO,02/01/2024,12:37:28,0.2,0.15,193560,0.2,68840,0,538240
FINNIFTY02JAN2420000PE.NFO,02/01/2024,12:38:11,0.2,0.15,193560,0.2,66800,2040,538240
FINNIFTY02JAN2420000PE.NFO,02/01/2024,12:38:21,0.2,0.15,193560,0.2,66600,200,538240
FINNIFTY02JAN2420000PE.NFO,02/01/2024,12:38:30,0.2,0.15,193560,0.2,66400,200,538240
FINNIFTY02JAN2420000PE.NFO,02/01/2024,12:38:48,0.2,0.15,193560,0.2,66360,40,538240
FINNIFTY02JAN2420000PE.NFO,02/01/2024,12:39:31,0.2,0.15,193160,0.2,66320,440,535840
FINNIFTY02JAN2420000PE.NFO,02/01/2024,12:40:04,0.2,0.15,193160,0.2,65920,400,535840
FINNIFTY02JAN2420000PE.NFO,02/01/2024,12:40:13,0.2,0.15,193160,0.2,65880,40,535840
FINNIFTY02JAN2420000PE.NFO,02/01/2024,12:42:00,0.2,0.15,193160,0.2,65200,720,535440
FINNIFTY02JAN2420000PE.NFO,02/01/2024,12:43:28,0.2,0.15,194440,0.2,65120,80,535440
FINNIFTY02JAN2420000PE.NFO,02/01/2024,12:43:46,0.2,0.15,194440,0.2,65120,0,535440
FINNIFTY02JAN2420000PE.NFO,02/01/2024,12:45:47,0.15,0.15,194000,0.2,65080,480,535440
FINNIFTY02JAN2420000PE.NFO,02/01/2024,12:45:55,0.15,0.15,194000,0.2,65080,0,535440
FINNIFTY02JAN2420000PE.NFO,02/01/2024,12:46:30,0.2,0.15,194000,0.2,65040,40,535440
FINNIFTY02JAN2420000PE.NFO,02/01/2024,12:46:39,0.2,0.15,194000,0.2,65040,0,535440
FINNIFTY02JAN2420000PE.NFO,02/01/2024,12:47:32,0.2,0.15,174920,0.2,65000,40,535440
FINNIFTY02JAN2420000PE.NFO,02/01/2024,12:47:51,0.2,0.15,174920,0.2,59800,5200,535440
FINNIFTY02JAN2420000PE.NFO,02/01/2024,12:47:59,0.2,0.15,174920,0.2,58200,1600,535440
FINNIFTY02JAN2420000PE.NFO,02/01/2024,12:48:09,0.2,0.15,174920,0.2,46200,4800,535400
FINNIFTY02JAN2420000PE.NFO,02/01/2024,12:48:35,0.15,0.15,174880,0.2,53400,40,535400
FINNIFTY02JAN2420000PE.NFO,02/01/2024,12:49:20,0.15,0.15,174680,0.2,53360,240,535400
FINNIFTY02JAN2420000PE.NFO,02/01/2024,12:49:54,0.15,0.15,175280,0.2,53360,400,535400
FINNIFTY02JAN2420000PE.NFO,02/01/2024,12:50:03,0.15,0.15,174000,0.2,53360,0,535400
FINNIFTY02JAN2420000PE.NFO,02/01/2024,12:50:21,0.2,0.15,174000,0.2,47360,6000,535400
FINNIFTY02JAN2420000PE.NFO,02/01/2024,12:50:39,0.2,0.15,174000,0.2,59360,0,535400
FINNIFTY02JAN2420000PE.NFO,02/01/2024,12:50:48,0.15,0.15,172520,0.2,59320,1520,535400
FINNIFTY02JAN2420000PE.NFO,02/01/2024,12:51:34,0.15,0.15,172320,0.2,59920,200,535400
FINNIFTY02JAN2420000PE.NFO,02/01/2024,12:52:18,0.2,0.15,172320,0.2,49680,9640,535400
FINNIFTY02JAN2420000PE.NFO,02/01/2024,12:52:27,0.2,0.15,172320,0.2,48280,3200,535400
FINNIFTY02JAN2420000PE.NFO,02/01/2024,12:52:44,0.15,0.15,171640,0.2,48280,680,535400
FINNIFTY02JAN2420000PE.NFO,02/01/2024,12:53:01,0.15,0.15,171640,0.2,51080,0,535400
FINNIFTY02JAN2420000PE.NFO,02/01/2024,12:53:10,0.15,0.15,171640,0.2,52880,0,535400
FINNIFTY02JAN2420000PE.NFO,02/01/2024,12:53:18,0.2,0.15,171640,0.2,52840,40,535400
FINNIFTY02JAN2420000PE.NFO,02/01/2024,12:53:53,0.15,0.15,170560,0.2,52840,1080,535400
FINNIFTY02JAN2420000PE.NFO,02/01/2024,12:54:27,0.2,0.15,170560,0.2,54400,240,535400
FINNIFTY02JAN2420000PE.NFO,02/01/2024,12:55:01,0.2,0.15,170560,0.2,54400,0,535400
FINNIFTY02JAN2420000PE.NFO,02/01/2024,12:55:18,0.2,0.15,170560,0.2,49600,4800,535400
FINNIFTY02JAN2420000PE.NFO,02/01/2024,12:55:44,0.2,0.15,170120,0.2,49560,480,535400
FINNIFTY02JAN2420000PE.NFO,02/01/2024,12:57:36,0.2,0.15,170120,0.2,49160,440,535400
FINNIFTY02JAN2420000PE.NFO,02/01/2024,12:58:02,0.15,0.15,169920,0.2,49160,200,535400
FINNIFTY02JAN2420000PE.NFO,02/01/2024,12:58:20,0.2,0.15,169920,0.2,50920,40,535400
FINNIFTY02JAN2420000PE.NFO,02/01/2024,12:58:29,0.15,0.15,169760,0.2,50920,160,535400
FINNIFTY02JAN2420000PE.NFO,02/01/2024,12:58:57,0.15,0.15,169760,0.2,52720,0,535400
FINNIFTY02JAN2420000PE.NFO,02/01/2024,12:59:06,0.15,0.15,169760,0.2,54520,0,535400
FINNIFTY02JAN2420000PE.NFO,02/01/2024,12:59:14,0.15,0.15,169600,0.2,56320,680,535400
FINNIFTY02JAN2420000PE.NFO,02/01/2024,12:59:32,0.15,0.15,169440,0.2,56320,160,535400
FINNIFTY02JAN2420000PE.NFO,02/01/2024,12:59:58,0.15,0.15,169400,0.2,56280,40,535400
FINNIFTY02JAN2420000PE.NFO,02/01/2024,13:00:24,0.15,0.15,168840,0.2,56280,560,535400
FINNIFTY02JAN2420000PE.NFO,02/01/2024,13:01:06,0.2,0.15,167040,0.2,55560,720,535400
FINNIFTY02JAN2420000PE.NFO,02/01/2024,13:01:15,0.2,0.15,167040,0.2,55400,160,535400
FINNIFTY02JAN2420000PE.NFO,02/01/2024,13:01:24,0.2,0.15,168840,0.2,55360,40,535400
FINNIFTY02JAN2420000PE.NFO,02/01/2024,13:01:42,0.2,0.15,168840,0.2,54640,720,535400
FINNIFTY02JAN2420000PE.NFO,02/01/2024,13:02:00,0.15,0.15,168680,0.2,54640,160,535400
FINNIFTY02JAN2420000PE.NFO,02/01/2024,13:02:09,0.2,0.15,168680,0.2,54600,40,535400
FINNIFTY02JAN2420000PE.NFO,02/01/2024,13:02:18,0.2,0.15,168680,0.2,54600,40,535400
FINNIFTY02JAN2420000PE.NFO,02/01/2024,13:02:27,0.15,0.15,156800,0.2,54600,2240,535400
FINNIFTY02JAN2420000PE.NFO,02/01/2024,13:02:37,0.15,0.15,157120,0.2,54920,320,535400
FINNIFTY02JAN2420000PE.NFO,02/01/2024,13:02:47,0.15,0.15,158920,0.2,54920,0,535400
FINNIFTY02JAN2420000PE.NFO,02/01/2024,13:02:57,0.15,0.15,158560,0.2,55120,360,535400
FINNIFTY02JAN2420000PE.NFO,02/01/2024,13:03:06,0.15,0.15,156760,0.2,55160,0,535400
FINNIFTY02JAN2420000PE.NFO,02/01/2024,13:03:15,0.2,0.15,157600,0.2,54640,1000,536160
FINNIFTY02JAN2420000PE.NFO,02/01/2024,13:03:24,0.2,0.15,157600,0.2,55040,0,536160
FINNIFTY02JAN2420000PE.NFO,02/01/2024,13:03:33,0.2,0.15,157600,0.2,55080,0,536160
FINNIFTY02JAN2420000PE.NFO,02/01/2024,13:03:43,0.15,0.15,157080,0.2,47880,520,536160
FINNIFTY02JAN2420000PE.NFO,02/01/2024,13:03:53,0.15,0.15,157080,0.2,55040,0,536160
FINNIFTY02JAN2420000PE.NFO,02/01/2024,13:04:04,0.15,0.15,153600,0.2,47440,11080,536160
FINNIFTY02JAN2420000PE.NFO,02/01/2024,13:04:15,0.15,0.15,152800,0.2,51760,800,536160
FINNIFTY02JAN2420000PE.NFO,02/01/2024,13:04:25,0.15,0.15,151680,0.2,53160,1160,536160
FINNIFTY02JAN2420000PE.NFO,02/01/2024,13:04:35,0.15,0.15,151360,0.2,53960,320,536160
FINNIFTY02JAN2420000PE.NFO,02/01/2024,13:04:45,0.15,0.15,150160,0.2,54560,1200,536160
FINNIFTY02JAN2420000PE.NFO,02/01/2024,13:04:55,0.15,0.15,147960,0.2,57120,1600,536160
FINNIFTY02JAN2420000PE.NFO,02/01/2024,13:05:04,0.15,0.15,147720,0.2,56920,440,536160
FINNIFTY02JAN2420000PE.NFO,02/01/2024,13:05:14,0.15,0.15,147000,0.2,56720,1720,536160
FINNIFTY02JAN2420000PE.NFO,02/01/2024,13:05:23,0.15,0.15,146800,0.2,56800,920,536160
FINNIFTY02JAN2420000PE.NFO,02/01/2024,13:05:31,0.2,0.15,146720,0.2,55800,1080,536160
FINNIFTY02JAN2420000PE.NFO,02/01/2024,13:05:40,0.2,0.15,145840,0.2,56920,1760,536160
FINNIFTY02JAN2420000PE.NFO,02/01/2024,13:05:58,0.2,0.15,145840,0.2,58720,0,536160
FINNIFTY02JAN2420000PE.NFO,02/01/2024,13:06:07,0.2,0.15,145840,0.2,60520,0,536160
FINNIFTY02JAN2420000PE.NFO,02/01/2024,13:06:16,0.2,0.15,145840,0.2,60440,80,532480
FINNIFTY02JAN2420000PE.NFO,02/01/2024,13:07:09,0.2,0.15,145840,0.2,60280,160,532480
FINNIFTY02JAN2420000PE.NFO,02/01/2024,13:07:18,0.2,0.15,145840,0.2,60040,240,532480
FINNIFTY02JAN2420000PE.NFO,02/01/2024,13:07:26,0.2,0.15,147280,0.2,61640,200,532480
FINNIFTY02JAN2420000PE.NFO,02/01/2024,13:07:35,0.2,0.15,145480,0.2,61440,200,532480
FINNIFTY02JAN2420000PE.NFO,02/01/2024,13:07:53,0.2,0.15,145480,0.2,61600,0,532480
FINNIFTY02JAN2420000PE.NFO,02/01/2024,13:08:02,0.2,0.15,147280,0.2,62520,0,532480
FINNIFTY02JAN2420000PE.NFO,02/01/2024,13:08:13,0.15,0.15,145440,0.2,63600,1880,532480
FINNIFTY02JAN2420000PE.NFO,02/01/2024,13:08:22,0.15,0.15,145040,0.2,64560,400,532480
FINNIFTY02JAN2420000PE.NFO,02/01/2024,13:08:31,0.15,0.15,143600,0.2,65320,1440,532480
FINNIFTY02JAN2420000PE.NFO,02/01/2024,13:08:40,0.15,0.15,140480,0.2,67640,1800,532480
FINNIFTY02JAN2420000PE.NFO,02/01/2024,13:08:50,0.2,0.15,142280,0.2,66960,80,532480
FINNIFTY02JAN2420000PE.NFO,02/01/2024,13:08:59,0.2,0.15,142280,0.2,65040,1920,532480
FINNIFTY02JAN2420000PE.NFO,02/01/2024,13:09:07,0.2,0.15,142280,0.2,64080,960,536760
FINNIFTY02JAN2420000PE.NFO,02/01/2024,13:09:17,0.2,0.15,142280,0.2,60640,4320,536760
FINNIFTY02JAN2420000PE.NFO,02/01/2024,13:09:25,0.2,0.15,142280,0.2,59840,800,536760
FINNIFTY02JAN2420000PE.NFO,02/01/2024,13:09:34,0.2,0.15,142280,0.2,61440,0,536760
FINNIFTY02JAN2420000PE.NFO,02/01/2024,13:09:52,0.2,0.15,142280,0.2,63240,0,536760
FINNIFTY02JAN2420000PE.NFO,02/01/2024,13:10:10,0.2,0.15,142280,0.2,65040,0,536760
FINNIFTY02JAN2420000PE.NFO,02/01/2024,13:10:19,0.2,0.15,142280,0.2,67440,0,536760
FINNIFTY02JAN2420000PE.NFO,02/01/2024,13:11:12,0.2,0.15,142280,0.2,63840,3000,536760
FINNIFTY02JAN2420000PE.NFO,02/01/2024,13:11:29,0.2,0.15,142280,0.2,63400,440,536760
FINNIFTY02JAN2420000PE.NFO,02/01/2024,13:11:39,0.2,0.15,142280,0.2,61960,1440,536760
FINNIFTY02JAN2420000PE.NFO,02/01/2024,13:12:40,0.2,0.15,142280,0.2,61920,40,533920
FINNIFTY02JAN2420000PE.NFO,02/01/2024,13:12:48,0.2,0.15,142280,0.2,58920,3000,533920
FINNIFTY02JAN2420000PE.NFO,02/01/2024,13:13:32,0.2,0.15,142280,0.2,58880,40,533920
FINNIFTY02JAN2420000PE.NFO,02/01/2024,13:13:41,0.2,0.15,142280,0.2,58880,0,533920
FINNIFTY02JAN2420000PE.NFO,02/01/2024,13:14:06,0.2,0.15,142280,0.2,58680,200,533920
FINNIFTY02JAN2420000PE.NFO,02/01/2024,13:14:15,0.2,0.15,142280,0.2,58360,320,533920
FINNIFTY02JAN2420000PE.NFO,02/01/2024,13:15:59,0.15,0.15,142440,0.2,58360,400,533440
FINNIFTY02JAN2420000PE.NFO,02/01/2024,13:16:25,0.2,0.15,142440,0.2,58320,40,533440
FINNIFTY02JAN2420000PE.NFO,02/01/2024,13:16:51,0.15,0.15,135240,0.2,58320,7200,533440
FINNIFTY02JAN2420000PE.NFO,02/01/2024,13:17:58,0.2,0.15,135240,0.2,65320,200,533440
FINNIFTY02JAN2420000PE.NFO,02/01/2024,13:18:23,0.15,0.15,133800,0.2,68880,1480,533440
FINNIFTY02JAN2420000PE.NFO,02/01/2024,13:18:32,0.2,0.15,124800,0.2,68520,360,533440
FINNIFTY02JAN2420000PE.NFO,02/01/2024,13:18:40,0.2,0.15,115800,0.2,68520,0,533440
FINNIFTY02JAN2420000PE.NFO,02/01/2024,13:18:49,0.2,0.15,94200,0.2,68520,0,533440
FINNIFTY02JAN2420000PE.NFO,02/01/2024,13:19:06,0.2,0.15,90600,0.2,70320,0,533440
FINNIFTY02JAN2420000PE.NFO,02/01/2024,13:19:15,0.15,0.15,88600,0.2,70280,240,533440
FINNIFTY02JAN2420000PE.NFO,02/01/2024,13:19:32,0.15,0.15,86800,0.2,70280,1800,533440
FINNIFTY02JAN2420000PE.NFO,02/01/2024,13:20:30,0.15,0.15,86800,0.2,70320,0,533440
FINNIFTY02JAN2420000PE.NFO,02/01/2024,13:20:38,0.2,0.15,86800,0.2,69840,480,533440
FINNIFTY02JAN2420000PE.NFO,02/01/2024,13:21:05,0.2,0.15,86800,0.2,57840,3000,535320
FINNIFTY02JAN2420000PE.NFO,02/01/2024,13:21:13,0.2,0.15,84840,0.2,62800,7800,535320
FINNIFTY02JAN2420000PE.NFO,02/01/2024,13:21:22,0.2,0.15,84840,0.2,61360,3240,535320
FINNIFTY02JAN2420000PE.NFO,02/01/2024,13:21:30,0.2,0.15,84840,0.2,61200,160,535320
FINNIFTY02JAN2420000PE.NFO,02/01/2024,13:21:47,0.2,0.15,84840,0.2,61200,0,535320
FINNIFTY02JAN2420000PE.NFO,02/01/2024,13:21:56,0.15,0.15,84440,0.2,62000,400,535320
FINNIFTY02JAN2420000PE.NFO,02/01/2024,13:22:04,0.2,0.15,84440,0.2,61600,400,535320
FINNIFTY02JAN2420000PE.NFO,02/01/2024,13:22:13,0.2,0.15,90760,0.2,62960,920,535320
FINNIFTY02JAN2420000PE.NFO,02/01/2024,13:22:21,0.2,0.15,92560,0.2,64160,0,535320
FINNIFTY02JAN2420000PE.NFO,02/01/2024,13:22:47,0.2,0.15,93560,0.2,64160,0,535320
FINNIFTY02JAN2420000PE.NFO,02/01/2024,13:22:56,0.2,0.15,93000,0.2,63600,560,535320
FINNIFTY02JAN2420000PE.NFO,02/01/2024,13:23:22,0.2,0.15,93000,0.2,63400,200,535320
FINNIFTY02JAN2420000PE.NFO,02/01/2024,13:23:31,0.2,0.15,93000,0.2,61600,1800,535320
FINNIFTY02JAN2420000PE.NFO,02/01/2024,13:23:48,0.2,0.15,93000,0.2,61240,360,535320
FINNIFTY02JAN2420000PE.NFO,02/01/2024,13:23:57,0.2,0.15,93000,0.2,58600,2640,535320
FINNIFTY02JAN2420000PE.NFO,02/01/2024,13:24:05,0.2,0.15,98400,0.2,55000,3600,535320
FINNIFTY02JAN2420000PE.NFO,02/01/2024,13:24:13,0.2,0.15,98400,0.2,55360,0,535320
FINNIFTY02JAN2420000PE.NFO,02/01/2024,13:24:22,0.15,0.15,97680,0.2,56120,760,533760
FINNIFTY02JAN2420000PE.NFO,02/01/2024,13:24:39,0.15,0.15,97480,0.2,56120,200,533760
FINNIFTY02JAN2420000PE.NFO,02/01/2024,13:24:57,0.2,0.15,97480,0.2,55400,720,533760
FINNIFTY02JAN2420000PE.NFO,02/01/2024,13:25:16,0.2,0.15,97480,0.2,55400,0,533760
FINNIFTY02JAN2420000PE.NFO,02/01/2024,13:25:43,0.2,0.15,97040,0.2,55360,480,533760
FINNIFTY02JAN2420000PE.NFO,02/01/2024,13:26:00,0.15,0.15,96760,0.2,55360,280,533760
FINNIFTY02JAN2420000PE.NFO,02/01/2024,13:26:18,0.2,0.15,96760,0.2,55320,40,533760
FINNIFTY02JAN2420000PE.NFO,02/01/2024,13:26:26,0.2,0.15,96760,0.2,55320,0,533760
FINNIFTY02JAN2420000PE.NFO,02/01/2024,13:26:35,0.2,0.15,96760,0.2,55760,0,533760
FINNIFTY02JAN2420000PE.NFO,02/01/2024,13:27:18,0.2,0.15,96760,0.2,55720,40,534240
FINNIFTY02JAN2420000PE.NFO,02/01/2024,13:27:43,0.15,0.15,94960,0.2,55760,1800,534240
FINNIFTY02JAN2420000PE.NFO,02/01/2024,13:27:52,0.15,0.15,94960,0.2,57760,0,534240
FINNIFTY02JAN2420000PE.NFO,02/01/2024,13:28:43,0.2,0.15,94960,0.2,57720,40,534240
FINNIFTY02JAN2420000PE.NFO,02/01/2024,13:28:51,0.2,0.15,94960,0.2,57720,0,534240
FINNIFTY02JAN2420000PE.NFO,02/01/2024,13:30:16,0.2,0.15,94400,0.2,57680,600,534240
FINNIFTY02JAN2420000PE.NFO,02/01/2024,13:30:33,0.15,0.15,94360,0.2,57640,80,534240
FINNIFTY02JAN2420000PE.NFO,02/01/2024,13:30:42,0.2,0.15,91600,0.2,57200,3200,534240
FINNIFTY02JAN2420000PE.NFO,02/01/2024,13:30:51,0.15,0.15,89000,0.2,63200,2600,534240
FINNIFTY02JAN2420000PE.NFO,02/01/2024,13:31:00,0.15,0.15,87560,0.2,62600,1440,534240
FINNIFTY02JAN2420000PE.NFO,02/01/2024,13:31:08,0.15,0.15,86880,0.2,64400,680,534240
FINNIFTY02JAN2420000PE.NFO,02/01/2024,13:31:26,0.2,0.15,88680,0.2,63040,1360,534240
FINNIFTY02JAN2420000PE.NFO,02/01/2024,13:31:36,0.15,0.15,84280,0.2,68440,4400,534240
FINNIFTY02JAN2420000PE.NFO,02/01/2024,13:31:45,0.15,0.15,84120,0.2,68440,160,534240
FINNIFTY02JAN2420000PE.NFO,02/01/2024,13:32:03,0.2,0.15,84120,0.2,67840,600,534240
FINNIFTY02JAN2420000PE.NFO,02/01/2024,13:32:30,0.2,0.15,60720,0.2,68920,120,534240
FINNIFTY02JAN2420000PE.NFO,02/01/2024,13:32:39,0.2,0.15,60720,0.2,68960,0,534240
FINNIFTY02JAN2420000PE.NFO,02/01/2024,13:33:24,0.2,0.15,60600,0.2,67720,1360,540880
FINNIFTY02JAN2420000PE.NFO,02/01/2024,13:33:32,0.2,0.15,60600,0.2,66920,800,540880
FINNIFTY02JAN2420000PE.NFO,02/01/2024,13:33:50,0.2,0.15,60600,0.2,66920,0,540880
FINNIFTY02JAN2420000PE.NFO,02/01/2024,13:34:09,0.15,0.15,60400,0.2,66920,200,540880
FINNIFTY02JAN2420000PE.NFO,02/01/2024,13:34:17,0.15,0.15,60160,0.2,66920,240,540880
FINNIFTY02JAN2420000PE.NFO,02/01/2024,13:34:26,0.15,0.15,60160,0.2,66920,0,540880
FINNIFTY02JAN2420000PE.NFO,02/01/2024,13:34:36,0.15,0.15,58960,0.2,65720,1200,540880
FINNIFTY02JAN2420000PE.NFO,02/01/2024,13:35:04,0.15,0.15,58960,0.2,68040,0,540880
FINNIFTY02JAN2420000PE.NFO,02/01/2024,13:35:31,0.15,0.15,42360,0.2,68040,400,540880
FINNIFTY02JAN2420000PE.NFO,02/01/2024,13:35:40,0.2,0.15,44960,0.2,67440,600,540880
FINNIFTY02JAN2420000PE.NFO,02/01/2024,13:35:49,0.15,0.15,32320,0.2,62000,12640,540880
FINNIFTY02JAN2420000PE.NFO,02/01/2024,13:35:58,0.15,0.15,32120,0.2,62000,200,540880
FINNIFTY02JAN2420000PE.NFO,02/01/2024,13:36:15,0.15,0.15,35040,0.2,62000,0,540880
FINNIFTY02JAN2420000PE.NFO,02/01/2024,13:36:33,0.15,0.15,35040,0.2,62200,0,540880
FINNIFTY02JAN2420000PE.NFO,02/01/2024,13:36:42,0.2,0.15,35040,0.2,62440,80,537760
FINNIFTY02JAN2420000PE.NFO,02/01/2024,13:37:10,0.2,0.15,35040,0.2,62440,0,537760
FINNIFTY02JAN2420000PE.NFO,02/01/2024,13:37:38,0.2,0.15,27840,0.2,61840,0,537760
FINNIFTY02JAN2420000PE.NFO,02/01/2024,13:37:47,0.2,0.15,20640,0.2,61840,0,537760
FINNIFTY02JAN2420000PE.NFO,02/01/2024,13:37:56,0.2,0.15,20640,0.2,60880,0,537760
FINNIFTY02JAN2420000PE.NFO,02/01/2024,13:38:32,0.15,0.15,20480,0.2,60880,160,537760
FINNIFTY02JAN2420000PE.NFO,02/01/2024,13:39:23,0.15,0.15,18960,0.2,60880,1520,537600
FINNIFTY02JAN2420000PE.NFO,02/01/2024,13:39:49,0.15,0.15,18960,0.2,60880,0,537600
FINNIFTY02JAN2420000PE.NFO,02/01/2024,13:39:57,0.15,0.15,18640,0.2,60880,320,537600
FINNIFTY02JAN2420000PE.NFO,02/01/2024,13:40:06,0.15,0.15,18560,0.2,60880,80,537600
FINNIFTY02JAN2420000PE.NFO,02/01/2024,13:40:14,0.15,0.15,8360,0.2,62680,12000,537600
FINNIFTY02JAN2420000PE.NFO,02/01/2024,13:40:32,0.2,0.15,8360,0.2,65960,320,537600
FINNIFTY02JAN2420000PE.NFO,02/01/2024,13:40:40,0.2,0.15,8360,0.2,65520,440,537600
FINNIFTY02JAN2420000PE.NFO,02/01/2024,13:40:48,0.2,0.15,9800,0.2,65520,0,537600
FINNIFTY02JAN2420000PE.NFO,02/01/2024,13:40:56,0.2,0.15,9800,0.2,65400,120,537600
FINNIFTY02JAN2420000PE.NFO,02/01/2024,13:41:04,0.2,0.15,9800,0.2,65240,160,537600
FINNIFTY02JAN2420000PE.NFO,02/01/2024,13:41:13,0.15,0.15,5000,0.2,65240,11880,537600
FINNIFTY02JAN2420000PE.NFO,02/01/2024,13:41:21,0.15,0.15,3440,0.2,63440,1560,537600
FINNIFTY02JAN2420000PE.NFO,02/01/2024,13:41:31,0.2,0.15,8320,0.2,62960,2880,537600
FINNIFTY02JAN2420000PE.NFO,02/01/2024,13:41:40,0.2,0.15,8320,0.2,61480,880,537600
FINNIFTY02JAN2420000PE.NFO,02/01/2024,13:42:14,0.2,0.15,8320,0.2,61480,0,537600
FINNIFTY02JAN2420000PE.NFO,02/01/2024,13:42:56,0.15,0.15,5320,0.2,61480,3000,541240
FINNIFTY02JAN2420000PE.NFO,02/01/2024,13:43:04,0.15,0.1,753400,0.15,8560,9800,541240
FINNIFTY02JAN2420000PE.NFO,02/01/2024,13:43:13,0.15,0.1,757800,0.15,8120,440,541240
FINNIFTY02JAN2420000PE.NFO,02/01/2024,13:43:21,0.15,0.1,757800,0.15,7200,920,541240
FINNIFTY02JAN2420000PE.NFO,02/01/2024,13:43:30,0.15,0.1,757800,0.15,17840,0,541240
FINNIFTY02JAN2420000PE.NFO,02/01/2024,13:43:39,0.15,0.1,757800,0.15,41040,0,541240
FINNIFTY02JAN2420000PE.NFO,02/01/2024,13:43:47,0.15,0.1,757800,0.15,42400,0,541240
FINNIFTY02JAN2420000PE.NFO,02/01/2024,13:44:04,0.15,0.1,757800,0.15,41920,0,541240
FINNIFTY02JAN2420000PE.NFO,02/01/2024,13:44:13,0.15,0.1,757800,0.15,46040,0,541240
FINNIFTY02JAN2420000PE.NFO,02/01/2024,13:45:53,0.1,0.1,755640,0.15,56840,2240,540800
FINNIFTY02JAN2420000PE.NFO,02/01/2024,13:46:01,0.1,0.1,755040,0.15,56880,600,540800
FINNIFTY02JAN2420000PE.NFO,02/01/2024,13:46:10,0.1,0.1,755040,0.15,56840,0,540800
FINNIFTY02JAN2420000PE.NFO,02/01/2024,13:46:19,0.1,0.1,752640,0.15,56680,2400,540800
FINNIFTY02JAN2420000PE.NFO,02/01/2024,13:46:27,0.15,0.1,752640,0.15,49280,1040,540800
FINNIFTY02JAN2420000PE.NFO,02/01/2024,13:46:35,0.1,0.1,751240,0.15,56480,1400,540800
FINNIFTY02JAN2420000PE.NFO,02/01/2024,13:46:43,0.1,0.1,749840,0.15,56680,1400,540800
FINNIFTY02JAN2420000PE.NFO,02/01/2024,13:46:52,0.15,0.1,749840,0.15,58400,600,540800
FINNIFTY02JAN2420000PE.NFO,02/01/2024,13:47:00,0.15,0.1,749840,0.15,58720,0,540800
FINNIFTY02JAN2420000PE.NFO,02/01/2024,13:47:09,0.15,0.1,749840,0.15,58480,240,540800
FINNIFTY02JAN2420000PE.NFO,02/01/2024,13:47:17,0.1,0.1,748480,0.15,58480,1360,540800
FINNIFTY02JAN2420000PE.NFO,02/01/2024,13:47:25,0.15,0.1,748480,0.15,53680,4800,540800
FINNIFTY02JAN2420000PE.NFO,02/01/2024,13:47:34,0.15,0.1,750280,0.15,45280,13800,540800
FINNIFTY02JAN2420000PE.NFO,02/01/2024,13:47:43,0.15,0.1,750280,0.15,44840,440,540800
FINNIFTY02JAN2420000PE.NFO,02/01/2024,13:48:00,0.15,0.1,741280,0.15,37640,0,540800
FINNIFTY02JAN2420000PE.NFO,02/01/2024,13:48:09,0.15,0.1,737680,0.15,37640,0,540800
FINNIFTY02JAN2420000PE.NFO,02/01/2024,13:48:18,0.15,0.1,741280,0.15,37360,280,537680
FINNIFTY02JAN2420000PE.NFO,02/01/2024,13:48:27,0.15,0.1,752080,0.15,36160,1200,537680
FINNIFTY02JAN2420000PE.NFO,02/01/2024,13:48:35,0.15,0.1,752080,0.15,38840,1440,537680
FINNIFTY02JAN2420000PE.NFO,02/01/2024,13:48:44,0.15,0.1,752080,0.15,34120,4720,537680
FINNIFTY02JAN2420000PE.NFO,02/01/2024,13:49:17,0.15,0.1,752080,0.15,34120,0,537680
FINNIFTY02JAN2420000PE.NFO,02/01/2024,13:49:24,0.15,0.1,752640,0.15,35920,0,537680
FINNIFTY02JAN2420000PE.NFO,02/01/2024,13:49:33,0.15,0.1,738240,0.15,29480,1040,537680
FINNIFTY02JAN2420000PE.NFO,02/01/2024,13:49:42,0.15,0.1,745440,0.15,28880,600,537680
FINNIFTY02JAN2420000PE.NFO,02/01/2024,13:49:50,0.15,0.15,41920,0.2,66360,25680,537680
FINNIFTY02JAN2420000PE.NFO,02/01/2024,13:49:58,0.15,0.15,3920,0.2,58240,0,537680
FINNIFTY02JAN2420000PE.NFO,02/01/2024,13:50:06,0.15,0.15,33600,0.2,69040,320,537680
FINNIFTY02JAN2420000PE.NFO,02/01/2024,13:50:15,0.2,0.15,31640,0.2,54240,400,537680
FINNIFTY02JAN2420000PE.NFO,02/01/2024,13:50:33,0.2,0.15,26200,0.2,48840,160,537680
FINNIFTY02JAN2420000PE.NFO,02/01/2024,13:50:41,0.2,0.15,29800,0.2,48520,320,537680
FINNIFTY02JAN2420000PE.NFO,02/01/2024,13:50:51,0.2,0.15,20960,0.2,52240,0,537680
FINNIFTY02JAN2420000PE.NFO,02/01/2024,13:51:00,0.2,0.15,33200,0.2,46760,2000,537680
FINNIFTY02JAN2420000PE.NFO,02/01/2024,13:51:10,0.15,0.15,34080,0.2,48560,2000,537680
FINNIFTY02JAN2420000PE.NFO,02/01/2024,13:51:19,0.15,0.15,44720,0.2,48560,0,537680
FINNIFTY02JAN2420000PE.NFO,02/01/2024,13:51:28,0.15,0.15,44320,0.2,57560,1400,541480
FINNIFTY02JAN2420000PE.NFO,02/01/2024,13:51:37,0.15,0.15,31440,0.2,55760,1360,541480
FINNIFTY02JAN2420000PE.NFO,02/01/2024,13:51:46,0.15,0.15,22200,0.2,57600,240,541480
FINNIFTY02JAN2420000PE.NFO,02/01/2024,13:51:55,0.15,0.15,22160,0.2,55800,40,541480
FINNIFTY02JAN2420000PE.NFO,02/01/2024,13:52:04,0.15,0.15,21920,0.2,57600,240,541480
FINNIFTY02JAN2420000PE.NFO,02/01/2024,13:52:13,0.15,0.15,21680,0.2,57600,240,541480
FINNIFTY02JAN2420000PE.NFO,02/01/2024,13:52:22,0.15,0.15,21000,0.2,55800,680,541480
FINNIFTY02JAN2420000PE.NFO,02/01/2024,13:52:32,0.15,0.15,22800,0.2,50400,0,541480
FINNIFTY02JAN2420000PE.NFO,02/01/2024,13:52:41,0.15,0.15,35560,0.2,50320,0,541480
FINNIFTY02JAN2420000PE.NFO,02/01/2024,13:52:51,0.2,0.15,37480,0.2,56560,1080,541480
FINNIFTY02JAN2420000PE.NFO,02/01/2024,13:53:00,0.2,0.15,39040,0.2,59880,360,541480
FINNIFTY02JAN2420000PE.NFO,02/01/2024,13:53:09,0.15,0.15,38040,0.2,57880,1200,541480
FINNIFTY02JAN2420000PE.NFO,02/01/2024,13:53:18,0.15,0.15,35520,0.2,60200,3800,541480
FINNIFTY02JAN2420000PE.NFO,02/01/2024,13:53:28,0.15,0.15,13800,0.2,62840,4720,541480
FINNIFTY02JAN2420000PE.NFO,02/01/2024,13:53:38,0.15,0.15,5840,0.2,68240,7960,541480
FINNIFTY02JAN2420000PE.NFO,02/01/2024,13:53:47,0.1,0.1,734160,0.15,61400,13720,541480
FINNIFTY02JAN2420000PE.NFO,02/01/2024,13:53:57,0.15,0.1,735760,0.15,64200,2800,541480
FINNIFTY02JAN2420000PE.NFO,02/01/2024,13:54:06,0.15,0.1,739360,0.15,64080,1920,541480
FINNIFTY02JAN2420000PE.NFO,02/01/2024,13:54:16,0.15,0.1,739360,0.15,62120,160,545840
FINNIFTY02JAN2420000PE.NFO,02/01/2024,13:54:25,0.15,0.1,739360,0.15,59440,2880,545840
FINNIFTY02JAN2420000PE.NFO,02/01/2024,13:54:35,0.15,0.1,739360,0.15,57520,1920,545840
FINNIFTY02JAN2420000PE.NFO,02/01/2024,13:54:44,0.15,0.1,739360,0.15,61960,800,545840
FINNIFTY02JAN2420000PE.NFO,02/01/2024,13:54:53,0.15,0.1,739360,0.15,63760,0,545840
FINNIFTY02JAN2420000PE.NFO,02/01/2024,13:55:03,0.1,0.1,723840,0.15,64600,1000,545840
FINNIFTY02JAN2420000PE.NFO,02/01/2024,13:55:12,0.1,0.1,723840,0.15,66400,0,545840
FINNIFTY02JAN2420000PE.NFO,02/01/2024,13:55:30,0.1,0.1,723840,0.15,73600,0,545840
FINNIFTY02JAN2420000PE.NFO,02/01/2024,13:55:38,0.15,0.1,723840,0.15,69560,440,545840
FINNIFTY02JAN2420000PE.NFO,02/01/2024,13:55:47,0.15,0.1,723840,0.15,69440,0,545840
FINNIFTY02JAN2420000PE.NFO,02/01/2024,13:56:21,0.15,0.1,723840,0.15,71240,0,545840
FINNIFTY02JAN2420000PE.NFO,02/01/2024,13:56:30,0.15,0.1,723840,0.15,69440,0,545840
FINNIFTY02JAN2420000PE.NFO,02/01/2024,13:56:38,0.15,0.1,723840,0.15,71240,0,545840
FINNIFTY02JAN2420000PE.NFO,02/01/2024,13:56:47,0.15,0.1,723840,0.15,69440,0,545840
FINNIFTY02JAN2420000PE.NFO,02/01/2024,13:57:13,0.15,0.1,823840,0.15,69440,0,545840
FINNIFTY02JAN2420000PE.NFO,02/01/2024,13:57:48,0.15,0.1,723840,0.15,99440,0,545840
FINNIFTY02JAN2420000PE.NFO,02/01/2024,13:58:13,0.15,0.1,723840,0.15,92240,7200,545360
FINNIFTY02JAN2420000PE.NFO,02/01/2024,13:58:21,0.15,0.1,723840,0.15,92200,40,545360
FINNIFTY02JAN2420000PE.NFO,02/01/2024,13:58:38,0.15,0.1,723840,0.15,92040,200,545360
FINNIFTY02JAN2420000PE.NFO,02/01/2024,13:58:47,0.15,0.1,718960,0.15,92040,0,545360
FINNIFTY02JAN2420000PE.NFO,02/01/2024,13:59:04,0.1,0.1,717760,0.15,95640,1200,545360
FINNIFTY02JAN2420000PE.NFO,02/01/2024,13:59:13,0.1,0.1,715120,0.15,95640,3040,545360
FINNIFTY02JAN2420000PE.NFO,02/01/2024,13:59:22,0.1,0.1,713840,0.15,97440,1280,545360
FINNIFTY02JAN2420000PE.NFO,02/01/2024,13:59:31,0.1,0.1,713040,0.15,99240,800,545360
FINNIFTY02JAN2420000PE.NFO,02/01/2024,13:59:39,0.1,0.1,1012560,0.15,99240,480,545360
FINNIFTY02JAN2420000PE.NFO,02/01/2024,13:59:48,0.1,0.1,1012200,0.15,99240,360,545360
FINNIFTY02JAN2420000PE.NFO,02/01/2024,13:59:57,0.1,0.1,1011400,0.15,99240,800,545360
FINNIFTY02JAN2420000PE.NFO,02/01/2024,14:00:06,0.1,0.1,1011320,0.15,99240,80,545360
FINNIFTY02JAN2420000PE.NFO,02/01/2024,14:00:14,0.1,0.1,711320,0.15,101040,0,545360
FINNIFTY02JAN2420000PE.NFO,02/01/2024,14:00:23,0.15,0.1,711320,0.15,107040,3000,539680
FINNIFTY02JAN2420000PE.NFO,02/01/2024,14:00:32,0.15,0.1,711320,0.15,77040,30000,539680
FINNIFTY02JAN2420000PE.NFO,02/01/2024,14:00:40,0.15,0.1,708800,0.15,47920,31760,539680
FINNIFTY02JAN2420000PE.NFO,02/01/2024,14:00:49,0.1,0.1,708360,0.15,47920,400,539680
FINNIFTY02JAN2420000PE.NFO,02/01/2024,14:00:57,0.15,0.15,17680,0.2,28760,109720,539680
FINNIFTY02JAN2420000PE.NFO,02/01/2024,14:01:06,0.15,0.15,4280,0.2,46800,13760,539680
FINNIFTY02JAN2420000PE.NFO,02/01/2024,14:01:15,0.15,0.15,3560,0.2,46720,720,539680
FINNIFTY02JAN2420000PE.NFO,02/01/2024,14:01:24,0.15,0.15,5360,0.2,46720,0,539680
FINNIFTY02JAN2420000PE.NFO,02/01/2024,14:01:32,0.15,0.15,400,0.2,46720,4960,539680
FINNIFTY02JAN2420000PE.NFO,02/01/2024,14:01:41,0.15,0.1,754400,0.2,46720,400,539680
